@article{Wang2019b,
    title = {{A bidirectional label propagation based computational model for potential microbe-disease association prediction}},
    year = {2019},
    journal = {Frontiers in Microbiology},
    author = {Wang, Lei and Wang, Yuqi and Li, Hao and Feng, Xiang and Yuan, Dawei and Yang, Jialiang},
    number = {APR},
    volume = {10},
    publisher = {Frontiers Media S.A.},
    doi = {10.3389/fmicb.2019.00684},
    issn = {1664302X},
    keywords = {5-fold cross validation, Bidirectional label propagation, COPD, Leave-one-out cross validation, Microbe-disease association}
}

@article{Ge2016,
    title = {{A Bipartite Network-based Method for Prediction of Long Non-coding RNA-protein Interactions}},
    year = {2016},
    journal = {Genomics, Proteomics and Bioinformatics},
    author = {Ge, Mengqu and Li, Ao and Wang, Minghui},
    number = {1},
    pages = {62--71},
    volume = {14},
    doi = {10.1016/j.gpb.2016.01.004},
    issn = {22103244},
    pmid = {26917505},
    keywords = {Bipartite network, Interaction, LncRNA, Propagation, Protein}
}

@article{Ozturk2016,
    title = {{A comparative study of SMILES-based compound similarity functions for drug-target interaction prediction}},
    year = {2016},
    journal = {BMC Bioinformatics},
    author = {{\"{O}}zt{\"{u}}rk, Hakime and Ozkirimli, Elif and {\"{O}}zg{\"{u}}r, Arzucan},
    number = {1},
    volume = {17},
    doi = {10.1186/s12859-016-0977-x},
    issn = {14712105},
    pmid = {26987649},
    keywords = {Chemoinformatics, Drug-target interaction prediction, SMILES, SMILES based drug similarity}
}

@article{Wu2019,
    title = {{A comprehensive survey on graph neural networks}},
    year = {2019},
    journal = {arXiv},
    author = {Wu, Zonghan and Pan, Shirui and Chen, Fengwen and Long, Guodong and Zhang, Chengqi and Yu, Philip S.},
    number = {Xx},
    pages = {1--22},
    volume = {XX},
    doi = {10.1109/tnnls.2020.2978386},
    issn = {2162-237X},
    arxivId = {1901.00596},
    keywords = {Deep Learning, Graph autoencoder, Graph convolutional networks, Graph neural networks, Graph representation learning, Network embedding}
}

@misc{Mongia2020,
    title = {{A computational approach to aid clinicians in selecting anti-viral drugs for COVID-19 trials}},
    year = {2020},
    booktitle = {arXiv},
    author = {Mongia, Aanchal and Saha, Sanjay Kr and Chouzenoux, Emilie and Majumdar, Angshul},
    pages = {1--16},
    issn = {23318422},
    arxivId = {2007.01902}
}

@article{Yi2018,
    title = {{A Deep Learning Framework for Robust and Accurate Prediction of ncRNA-Protein Interactions Using Evolutionary Information}},
    year = {2018},
    journal = {Molecular Therapy - Nucleic Acids},
    author = {Yi, Hai Cheng and You, Zhu Hong and Huang, De Shuang and Li, Xiao and Jiang, Tong Hai and Li, Li Ping},
    pages = {337--344},
    volume = {11},
    doi = {10.1016/j.omtn.2018.03.001},
    issn = {21622531},
    keywords = {PSSM, RNA-protein interactions, Zernike moment, deep learning, non-coding RNA, stacked auto-encoder}
}

@article{SanyandaWekesa2020,
    title = {{A deep learning model for plant lncRNA-protein interaction prediction with graph attention}},
    year = {2020},
    journal = {Molecular Genetics and Genomics},
    author = {Sanyanda Wekesa, Jael and Meng, Jun and Luan, Yushi},
    pages = {1091--1102},
    volume = {295},
    url = {https://doi.org/10.1007/s00438-020-01682-w},
    isbn = {0123456789},
    doi = {10.1007/s00438-020-01682-w},
    keywords = {Deep learning, Graph attention, Interaction, Prediction, Protein, lncRNA}
}

@article{Wekesa2020,
    title = {{A deep learning model for plant lncRNA-protein interaction prediction with graph attention}},
    year = {2020},
    journal = {Molecular Genetics and Genomics},
    author = {Wekesa, Jael Sanyanda and Meng, Jun and Luan, Yushi},
    number = {5},
    month = {9},
    pages = {1091--1102},
    volume = {295},
    publisher = {Springer Science and Business Media Deutschland GmbH},
    url = {https://doi.org/10.1007/s00438-020-01682-w},
    doi = {10.1007/s00438-020-01682-w},
    issn = {16174623},
    pmid = {32409904},
    keywords = {Deep learning, Graph attention, Interaction, Prediction, Protein, lncRNA}
}

@article{Wekesa2020a,
    title = {{A deep learning model for plant lncRNA-protein interaction prediction with graph attention}},
    year = {2020},
    journal = {Molecular Genetics and Genomics},
    author = {Wekesa, Jael Sanyanda and Meng, Jun and Luan, Yushi},
    number = {5},
    month = {9},
    pages = {1091--1102},
    volume = {295},
    publisher = {Springer Science and Business Media Deutschland GmbH},
    url = {https://doi.org/10.1007/s00438-020-01682-w},
    doi = {10.1007/s00438-020-01682-w},
    issn = {16174623},
    pmid = {32409904},
    keywords = {Deep learning, Graph attention, Interaction, Prediction, Protein, lncRNA}
}

@article{Zhang2019,
    title = {{A fast linear neighborhood similarity-based network link inference method to predict microRNA-disease associations}},
    year = {2019},
    journal = {IEEE/ACM Transactions on Computational Biology and Bioinformatics},
    author = {Zhang, Wen and Li, Zhishuai and Guo, Wenzheng and Yang, Weitai and Huang, Feng},
    pages = {1--1},
    doi = {10.1109/tcbb.2019.2931546},
    issn = {1545-5963}
}

@article{Peng2017a,
    title = {{A Framework for Integrating Multiple Biological Networks to Predict MicroRNA-Disease Associations}},
    year = {2017},
    journal = {IEEE Transactions on Nanobioscience},
    author = {Peng, Wei and Lan, Wei and Yu, Zeng and Wang, Jianxin and Pan, Yi},
    number = {2},
    pages = {100--107},
    volume = {16},
    doi = {10.1109/TNB.2016.2633276},
    issn = {15361241},
    pmid = {27913356},
    keywords = {Association, MicroRNA, disease, environment factor, random walking}
}

@article{Cheng2019a,
    title = {{A genome-wide positioning systems network algorithm for in silico drug repurposing}},
    year = {2019},
    journal = {Nature Communications},
    author = {Cheng, Feixiong and Lu, Weiqiang and Liu, Chuang and Fang, Jiansong and Hou, Yuan and Handy, Diane E and Wang, Ruisheng and Zhao, Yuzheng and Yang, Yi and Huang, Jin and Hill, David E and Vidal, Marc and Eng, Charis and Loscalzo, Joseph},
    number = {1},
    volume = {10},
    publisher = {Springer US},
    url = {http://dx.doi.org/10.1038/s41467-019-10744-6},
    isbn = {4146701910},
    doi = {10.1038/s41467-019-10744-6},
    issn = {20411723},
    pmid = {31375661}
}

@article{Guo2020,
    title = {{A learning based framework for diverse biomolecule relationship prediction in molecular association network}},
    year = {2020},
    journal = {Communications Biology},
    author = {Guo, Zhen Hao and You, Zhu Hong and Huang, De Shuang and Yi, Hai Cheng and Chen, Zhan Heng and Wang, Yan Bin},
    number = {1},
    volume = {3},
    doi = {10.1038/s42003-020-0858-8},
    issn = {23993642},
    pmid = {32170157}
}

@article{Jockusch2020,
    title = {{A library of nucleotide analogues terminate RNA synthesis catalyzed by polymerases of coronaviruses that cause SARS and COVID-19}},
    year = {2020},
    journal = {Antiviral Research},
    author = {Jockusch, Steffen and Tao, Chuanjuan and Li, Xiaoxu and Anderson, Thomas K. and Chien, Minchen and Kumar, Shiv and Russo, James J. and Kirchdoerfer, Robert N. and Ju, Jingyue},
    month = {8},
    pages = {104857},
    volume = {180},
    publisher = {Elsevier B.V.},
    url = {https://www.sciencedirect.com/science/article/pii/S0166354220302710},
    doi = {10.1016/j.antiviral.2020.104857},
    issn = {18729096},
    pmid = {32562705},
    keywords = {COVID-19, Exonuclease, Nucleotide analogues, RNA-Dependent RNA polymerase, RNA-dependent RNA polymerase, SARS-CoV-2}
}

@article{Mei2019,
    title = {{A multi-label learning framework for drug repurposing}},
    year = {2019},
    journal = {Pharmaceutics},
    author = {Mei, Suyu and Zhang, Kun},
    number = {9},
    pages = {1--17},
    volume = {11},
    doi = {10.3390/pharmaceutics11090466},
    issn = {19994923},
    keywords = {Drug repurposing, Drug-disease associations, Drug-target interaction, Multi-label learning, Stratified multi-label cross validation}
}

@article{Deng2020,
    title = {{A multimodal deep learning framework for predicting drug-drug interaction events}},
    year = {2020},
    journal = {Bioinformatics},
    author = {Deng, Yifan and Xu, Xinran and Qiu, Yang and Xia, Jingbo and Zhang, Wen and Liu, Shichao},
    number = {15},
    pages = {4316--4322},
    volume = {36},
    doi = {10.1093/bioinformatics/btaa501},
    issn = {14602059},
    pmid = {32407508}
}

@article{Schwikowski2000,
    title = {{A network of protein-protein interactions in yeast}},
    year = {2000},
    journal = {Nature Biotechnology},
    author = {Schwikowski, Benno and Uetz, Peter and Fields, Stanley},
    number = {12},
    pages = {1257--1261},
    volume = {18},
    doi = {10.1038/82360},
    issn = {10870156},
    pmid = {11101803},
    keywords = {Bioinformatics, Functional genomics, Protein interactions, Proteomics, Saccharomyces cerevisiae}
}

@article{Jin2019,
    title = {{A network-based approach to uncover microRNA-mediated disease comorbidities and potential pathobiological implications}},
    year = {2019},
    journal = {npj Systems Biology and Applications},
    author = {Jin, Shuting and Zeng, Xiangxiang and Fang, Jiansong and Lin, Jiawei and Chan, Stephen Y. and Erzurum, Serpil C. and Cheng, Feixiong},
    number = {1},
    month = {12},
    volume = {5},
    publisher = {Nature Publishing Group},
    doi = {10.1038/s41540-019-0115-2},
    issn = {20567189},
    pmid = {33177512}
}

@article{Luo2017,
    title = {{A novel approach for predicting microRNA-disease associations by unbalanced bi-random walk on heterogeneous network}},
    year = {2017},
    journal = {Journal of Biomedical Informatics},
    author = {Luo, Jiawei and Xiao, Qiu},
    month = {2},
    pages = {194--203},
    volume = {66},
    publisher = {Academic Press Inc.},
    doi = {10.1016/j.jbi.2017.01.008},
    issn = {15320464},
    pmid = {28104458},
    keywords = {Disease miRNA prediction, Disease semantic similarity, Heterogeneous network, miRNA similarity, miRNA-disease association}
}

@article{Chen2017,
    title = {{A novel computational model based on super-disease and miRNA for potential miRNA-disease association prediction}},
    year = {2017},
    journal = {Molecular BioSystems},
    author = {Chen, Xing and Jiang, Zhi Chao and Xie, Di and Huang, De Shuang and Zhao, Qi and Yan, Gui Ying and You, Zhu Hong},
    number = {6},
    pages = {1202--1212},
    volume = {13},
    publisher = {Royal Society of Chemistry},
    doi = {10.1039/c6mb00853d},
    issn = {17422051},
    pmid = {28470244}
}

@article{Ward2020,
    title = {{A Practical Guide to Graph Neural Networks}},
    year = {2020},
    author = {Ward, Isaac Ronald and Joyner, Jack and Lickfold, Casey and Rowe, Stash and Guo, Yulan and Bennamoun, Mohammed},
    pages = {1--28},
    url = {http://arxiv.org/abs/2010.05234},
    arxivId = {2010.05234}
}

@article{Xuan2019,
    title = {{A probabilistic matrix factorization method for identifying lncRNA-disease associations}},
    year = {2019},
    journal = {Genes},
    author = {Xuan, Zhanwei and Li, Jiechen and Yu, Jingwen and Feng, Xiang and Zhao, Bihai and Wang, Lei},
    number = {2},
    volume = {10},
    doi = {10.3390/genes10020126},
    issn = {20734425},
    keywords = {Disease, Identifying disease-related lncRNA, lncRNA, lncRNA-disease associations, miRNA}
}

@article{Tan2021,
    title = {{A retrospective comparison of drugs against COVID-19}},
    year = {2021},
    journal = {Virus Research},
    author = {Tan, Jiahong and Yuan, Yuan and Xu, Cheng and Song, Chunyan and Liu, Dan and Ma, Ding and Gao, Qinglei},
    volume = {294},
    doi = {10.1016/j.virusres.2020.198262},
    issn = {18727492},
    pmid = {33333102},
    keywords = {Arbidol, COVID-19, Corticosteroids, Hydroxychloroquine, Lopinavir/ritonavir, Oseltamivir}
}

@article{Li2016,
    title = {{A survey of current trends in computational drug repositioning}},
    year = {2016},
    journal = {Briefings in Bioinformatics},
    author = {Li, Jiao and Zheng, Si and Chen, Bin and Butte, Atul J. and Swamidass, S. Joshua and Lu, Zhiyong},
    number = {1},
    month = {1},
    pages = {2--12},
    volume = {17},
    publisher = {Oxford University Press},
    doi = {10.1093/bib/bbv020},
    issn = {14774054},
    pmid = {25832646},
    keywords = {Chemical structure, Computational drug repositioning, Drug combination, Genome, Integrative strategies, Phenome, Prediction validation}
}

@article{Xu2020,
    title = {{A Survey on Graph Convolutional Neural Network}},
    year = {2020},
    journal = {Jisuanji Xuebao/Chinese Journal of Computers},
    author = {Xu, Bing Bing and Cen, Ke Ting and Huang, Jun Jie and Shen, Hua Wei and Cheng, Xue Qi},
    number = {5},
    pages = {755--780},
    volume = {43},
    doi = {10.11897/SP.J.1016.2020.00755},
    issn = {02544164},
    keywords = {Convolution, Graph convolutional neural network, Non-Euclidean space, Pooling}
}

@article{Wang2020,
    title = {{A Survey on Heterogeneous Graph Embedding: Methods, Techniques, Applications and Sources}},
    year = {2020},
    author = {Wang, Xiao and Bo, Deyu and Shi, Chuan and Fan, Shaohua and Ye, Yanfang and Yu, Philip S.},
    pages = {1--23},
    url = {http://arxiv.org/abs/2011.14867},
    arxivId = {2011.14867}
}

@article{Cortegiani2020,
    title = {{A systematic review on the efficacy and safety of chloroquine for the treatment of COVID-19}},
    year = {2020},
    journal = {Journal of Critical Care},
    author = {Cortegiani, Andrea and Ingoglia, Giulia and Ippolito, Mariachiara and Giarratano, Antonino and Einav, Sharon},
    pages = {279--283},
    volume = {57},
    doi = {10.1016/j.jcrc.2020.03.005},
    issn = {15578615},
    pmid = {32173110},
    keywords = {COVID-19, Chloroquine, Coronavirus, Pneumonia, SARS-CoV-2}
}

@misc{Saito2012,
    title = {{A travel guide to Cytoscape plugins}},
    year = {2012},
    booktitle = {Nature Methods},
    author = {Saito, Rintaro and Smoot, Michael E. and Ono, Keiichiro and Ruscheinski, Johannes and Wang, Peng Liang and Lotia, Samad and Pico, Alexander R. and Bader, Gary D. and Ideker, Trey},
    number = {11},
    pages = {1069--1076},
    volume = {9},
    doi = {10.1038/nmeth.2212},
    issn = {15487091},
    pmid = {23132118}
}

@inproceedings{Kingma2015,
    title = {{Adam: A method for stochastic optimization}},
    year = {2015},
    booktitle = {3rd International Conference on Learning Representations, ICLR 2015 - Conference Track Proceedings},
    author = {Kingma, Diederik P. and Ba, Jimmy Lei},
    arxivId = {1412.6980}
}

@article{Rejdak2020,
    title = {{Adamantanes might be protective from COVID-19 in patients with neurological diseases: multiple sclerosis, parkinsonism and cognitive impairment}},
    year = {2020},
    journal = {Multiple Sclerosis and Related Disorders},
    author = {Rejdak, Konrad and Grieb, Paweł},
    volume = {42},
    doi = {10.1016/j.msard.2020.102163},
    issn = {22110356},
    pmid = {32388458},
    keywords = {Adamantanes, Amantadine, COVID-19, Cognitive impairment, Memantine, Multiple sclerosis, PD, Protection, SARS-CoV-2}
}

@article{Liang2019,
    title = {{Adaptive multi-view multi-label learning for identifying disease-associated candidate miRNAs}},
    year = {2019},
    journal = {PLoS Computational Biology},
    author = {Liang, Cheng and Yu, Shengpeng and Luo, Jiawei},
    number = {4},
    pages = {1--18},
    volume = {15},
    isbn = {1111111111},
    doi = {10.1371/journal.pcbi.1006931},
    issn = {15537358},
    pmid = {30933970}
}

@article{Pan2018,
    title = {{Adversarially regularized graph autoencoder for graph embedding}},
    year = {2018},
    journal = {arXiv},
    author = {Pan, Shirui and Hu, Ruiqi and Long, Guodong and Jiang, Jing and Yao, Lina and Zhang, Chengqi},
    pages = {2609--2615},
    keywords = {Machine Learning Applications: Networks, Machine Learning: Data Mining, Machine Learning: Unsupervised Learning}
}

@article{Ji2021,
    title = {{AEMDA: inferring miRNA–disease associations based on deep autoencoder}},
    year = {2021},
    journal = {Bioinformatics},
    author = {Ji, Cunmei and Gao, Zhen and Ma, Xu and Wu, Qingwen and Ni, Jiancheng and Zheng, Chunhou},
    number = {1},
    month = {4},
    pages = {66--72},
    volume = {37},
    publisher = {Oxford University Press (OUP)},
    doi = {10.1093/bioinformatics/btaa670},
    issn = {1367-4803},
    pmid = {32726399}
}

@article{He2000,
    title = {{Alternating direction method with self-adaptive penalty parameters for monotone variational inequalities}},
    year = {2000},
    journal = {Journal of Optimization Theory and Applications},
    author = {He, B. S. and Yang, H. and Wang, S. L.},
    number = {2},
    pages = {337--356},
    volume = {106},
    doi = {10.1023/A:1004603514434},
    issn = {00223239},
    keywords = {Alternating direction method, Monotone variational inequalities, Variable penalty parameters}
}

@article{Ma2017,
    title = {{An analysis of human microbe-disease associations}},
    year = {2017},
    journal = {Briefings in Bioinformatics},
    author = {Ma, Wei and Zhang, Lu and Zeng, Pan and Huang, Chuanbo and Li, Jianwei and Geng, Bin and Yang, Jichun and Kong, Wei and Zhou, Xuezhong and Cui, Qinghua},
    number = {1},
    pages = {85--97},
    volume = {18},
    publisher = {Oxford University Press},
    doi = {10.1093/bib/bbw005},
    issn = {14774054},
    pmid = {26883326},
    keywords = {Disease, Microbiota, Network biology}
}

@article{Wang2020c,
    title = {{An efficient approach based on multi-sources information to predict circRNA-disease associations using deep convolutional neural network}},
    year = {2020},
    journal = {Bioinformatics},
    author = {Wang, Lei and You, Zhu Hong and Huang, Yu An and Huang, De Shuang and Chan, Keith C.C.},
    number = {13},
    month = {7},
    pages = {4038--4046},
    volume = {36},
    publisher = {Oxford University Press},
    doi = {10.1093/bioinformatics/btz825},
    issn = {14602059},
    pmid = {31793982}
}

@article{Sheahan2020,
    title = {{An orally bioavailable broad-spectrum antiviral inhibits SARS-CoV-2 in human airway epithelial cell cultures and multiple coronaviruses in mice}},
    year = {2020},
    journal = {Science Translational Medicine},
    author = {Sheahan, Timothy P. and Sims, Amy C. and Zhou, Shuntai and Graham, Rachel L. and Pruijssers, Andrea J. and Agostini, Maria L. and Leist, Sarah R. and Schafer, Alexandra and Dinnon, Kenneth H. and Stevens, Laura J. and Chappell, James D. and Lu, Xiaotao and Hughes, Tia M. and George, Amelia S. and Hill, Collin S. and Montgomery, Stephanie A. and Brown, Ariane J. and Bluemling, Gregory R. and Natchus, Michael G. and Saindane, Manohar and Kolykhalov, Alexander A. and Painter, George and Harcourt, Jennifer and Tamin, Azaibi and Thornburg, Natalie J. and Swanstrom, Ronald and Denison, Mark R. and Baric, Ralph S.},
    number = {541},
    month = {4},
    pages = {5883},
    volume = {12},
    publisher = {American Association for the Advancement of Science},
    url = {http://stm.sciencemag.org/},
    doi = {10.1126/SCITRANSLMED.ABB5883},
    issn = {19466242},
    pmid = {32253226}
}

@misc{Hammond2015,
    title = {{An overview of microRNAs}},
    year = {2015},
    booktitle = {Advanced Drug Delivery Reviews},
    author = {Hammond, Scott M.},
    pages = {3--14},
    volume = {87},
    doi = {10.1016/j.addr.2015.05.001},
    issn = {18728294},
    pmid = {25979468},
    keywords = {Argonaute, Dicer, Drosha, MiRNA, MicroRNA, RNAi}
}

@article{Monajjemi2020,
    title = {{An overview on coronaviruses family from past to COVID-19: Introduce some inhibitors as antiviruses from Gillan’s plants}},
    year = {2020},
    journal = {Biointerface Research in Applied Chemistry},
    author = {Monajjemi, Majid and Mollaamin, Fatemeh and Shojaei, Shahrokh},
    number = {3},
    pages = {5575--5585},
    volume = {10},
    doi = {10.33263/BRIAC103.575585},
    issn = {20695837},
    keywords = {ACE2 (Angiotensin Converting Enzyme-2), COVID-19, Coronaviruses, Protease domain (PD), Receptor binding domain(RBD), SARS-CoV-2}
}

@article{Kato2020,
    title = {{Antiviral activities of mycophenolic acid and IMD-0354 against SARS-CoV-2}},
    year = {2020},
    journal = {Microbiology and Immunology},
    author = {Kato, Fumihiro and Matsuyama, Shutoku and Kawase, Miyuki and Hishiki, Takayuki and Katoh, Hiroshi and Takeda, Makoto},
    number = {9},
    pages = {635--639},
    volume = {64},
    doi = {10.1111/1348-0421.12828},
    issn = {13480421},
    pmid = {32579258},
    keywords = {IMD-0354, SARS-CoV-2, VeroE6/TMPRSS2, antiviral agents, mycophenolic acid}
}

@article{Lei2012,
    title = {{Assessing and predicting protein interactions by combining manifold embedding with multiple information integration}},
    year = {2012},
    journal = {BMC Bioinformatics},
    author = {Lei, Ying Ke and You, Zhu Hong and Ji, Zhen and Zhu, Lin and Huang, De Shuang},
    number = {SUPPL.7},
    month = {5},
    volume = {13},
    doi = {10.1186/1471-2105-13-S7-S3},
    issn = {14712105},
    pmid = {22595000}
}

@article{Long2020f,
    title = {{Association mining to identify microbe drug interactions based on heterogeneous network embedding representation}},
    year = {2020},
    journal = {IEEE Journal of Biomedical and Health Informatics},
    author = {Long, Yahui and Luo, Jiawei},
    number = {c},
    pages = {1--1},
    volume = {2194},
    doi = {10.1109/jbhi.2020.2998906},
    issn = {2168-2194},
    pmid = {32750918},
    keywords = {Microbe, association prediction, drug, heterogeneous network representation learning}
}

@misc{Russell2020,
    title = {{Associations between immune-suppressive and stimulating drugs and novel COVID-19 - A systematic review of current evidence}},
    year = {2020},
    booktitle = {ecancermedicalscience},
    author = {Russell, Beth and Moss, Charlotte and George, Gincy and Santaolalla, Aida and Cope, Andrew and Papa, Sophie and Van Hemelrijck, Mieke},
    month = {3},
    pages = {1022},
    volume = {14},
    publisher = {Cancer Intelligence},
    doi = {10.3332/ecancer.2020.1022},
    issn = {17546605},
    pmid = {32256705},
    keywords = {Adverse events, COVID-19, Cancer, Immune modulation, Immune suppression},
    language = {eng}
}

@article{Figueredo:2009dg,
    title = {{Assortative pairing and life history strategy -- a cross-cultural study}},
    year = {2009},
    journal = {Human Nature},
    author = {Figueredo, A.~J. and Wolf, P S.~A.},
    pages = {317--330},
    volume = {20},
    doi = {https://doi.org/10.1007/s12110-009-9068-2}
}

@article{Huang2019,
    title = {{Benchmark of computational methods for predicting microRNA-disease associations}},
    year = {2019},
    journal = {Genome Biology},
    author = {Huang, Zhou and Liu, Leibo and Gao, Yuanxu and Shi, Jiangcheng and Cui, Qinghua and Li, Jianwei and Zhou, Yuan},
    number = {1},
    pages = {1--13},
    volume = {20},
    publisher = {Genome Biology},
    doi = {10.1186/s13059-019-1811-3},
    issn = {1474760X},
    pmid = {31594544},
    keywords = {Benchmarking test, Disease miRNA prediction, miRNA-disease association}
}

@misc{Xu2020a,
    title = {{Broad Spectrum Antiviral Agent Niclosamide and Its Therapeutic Potential}},
    year = {2020},
    booktitle = {ACS Infectious Diseases},
    author = {Xu, Jimin and Shi, Pei Yong and Li, Hongmin and Zhou, Jia},
    number = {5},
    month = {5},
    pages = {909--915},
    volume = {6},
    publisher = {American Chemical Society},
    url = {https://dx.doi.org/10.1021/acsinfecdis.0c00052},
    doi = {10.1021/acsinfecdis.0c00052},
    issn = {23738227},
    pmid = {32125140},
    keywords = {Ebola virus, MERS-CoV, SARS-CoV, SARS-CoV-2 (COVID-19), Zika virus, broad antiviral agents, coronavirus, flavivirus, human adenovirus, niclosamide}
}

@misc{Uno2020,
    title = {{Camostat mesilate therapy for COVID-19}},
    year = {2020},
    booktitle = {Internal and Emergency Medicine},
    author = {Uno, Yoshiharu},
    number = {8},
    pages = {1577--1578},
    volume = {15},
    doi = {10.1007/s11739-020-02345-9},
    issn = {19709366},
    pmid = {32347443}
}

@article{Shneider2020,
    title = {{Can melatonin reduce the severity of COVID-19 pandemic?}},
    year = {2020},
    journal = {International Reviews of Immunology},
    author = {Shneider, Alex and Kudriavtsev, Aleksandr and Vakhrusheva, Anna},
    number = {4},
    month = {7},
    pages = {153--162},
    volume = {39},
    publisher = {Taylor and Francis Ltd},
    doi = {10.1080/08830185.2020.1756284},
    issn = {15635244},
    pmid = {32347747},
    keywords = {Apoptosis, Bat, COVID-19, Coronavirus, Melatonin, SARS-CoV-2}
}

@article{Peng2020,
    title = {{Capsule Network Based Modeling of Multi-omics Data for Discovery of Breast Cancer-Related Genes}},
    year = {2020},
    journal = {IEEE/ACM transactions on computational biology and bioinformatics},
    author = {Peng, Chen and Zheng, Yang and Huang, De Shuang},
    number = {5},
    pages = {1605--1612},
    volume = {17},
    doi = {10.1109/TCBB.2019.2909905},
    issn = {15579964},
    pmid = {30969931}
}

@article{Novac2013,
    title = {{Challenges and opportunities of drug repositioning}},
    year = {2013},
    journal = {Trends in Pharmacological Sciences},
    author = {{Novac} and {Natalia}},
    number = {5},
    pages = {267--272},
    volume = {34}
}

@article{Lou2020,
    title = {{Clinical Outcomes and Plasma Concentrations of Baloxavir Marboxil and Favipiravir in COVID-19 Patients: an Exploratory Randomized, Controlled Trial}},
    year = {2020},
    journal = {medRxiv},
    author = {Lou, Yan and Liu, Lin and Qiu, Yunqing},
    publisher = {Cold Spring Harbor Laboratory Press}
}

@article{Yuan2021,
    title = {{Clofazimine broadly inhibits coronaviruses including SARS-CoV-2}},
    year = {2021},
    journal = {Nature},
    author = {Yuan, Shuofeng and Yin, Xin and Meng, Xiangzhi and Chan, Jasper Fuk Woo and Ye, Zi Wei and Riva, Laura and Pache, Lars and Chan, Chris Chung Yiu and Lai, Pok Man and Chan, Chris Chung Sing and Poon, Vincent Kwok Man and Lee, Andrew Chak Yiu and Matsunaga, Naoko and Pu, Yuan and Yuen, Chun Kit and Cao, Jianli and Liang, Ronghui and Tang, Kaiming and Sheng, Li and Du, Yushen and Xu, Wan and Lau, Chit Ying and Sit, Ko Yung and Au, Wing Kuk and Wang, Runming and Zhang, Yu Yuan and Tang, Yan Dong and Clausen, Thomas Mandel and Pihl, Jessica and Oh, Juntaek and Sze, Kong Hung and Zhang, Anna Jinxia and Chu, Hin and Kok, Kin Hang and Wang, Dong and Cai, Xue Hui and Esko, Jeffrey D. and Hung, Ivan Fan Ngai and Li, Ronald Adolphus and Chen, Honglin and Sun, Hongzhe and Jin, Dong Yan and Sun, Ren and Chanda, Sumit K. and Yuen, Kwok Yung},
    doi = {10.1038/s41586-021-03431-4},
    issn = {14764687},
    pmid = {33727703}
}

@inproceedings{Gu2010,
    title = {{Collaborative filtering: Weighted nonnegative matrix factorization incorporating user and item graphs}},
    year = {2010},
    booktitle = {Proceedings of the 10th SIAM International Conference on Data Mining, SDM 2010},
    author = {Gu, Quanquan and Zhou, Jie and Ding, Chris},
    pages = {199--210},
    doi = {10.1137/1.9781611972801.18}
}

@article{Luo2017a,
    title = {{Collective Prediction of Disease-Associated miRNAs Based on Transduction Learning}},
    year = {2017},
    journal = {IEEE/ACM Transactions on Computational Biology and Bioinformatics},
    author = {Luo, Jiawei and Ding, Pingjian and Liang, Cheng and Cao, Buwen and Chen, Xiangtao},
    number = {6},
    pages = {1468--1475},
    volume = {14},
    doi = {10.1109/TCBB.2016.2599866},
    issn = {15455963},
    pmid = {27542179},
    keywords = {Collective prediction, disease, miRNA, miRNA-disease network, transduction learning}
}

@article{Wang2020b,
    title = {{Combining High Speed ELM Learning with a Deep Convolutional Neural Network Feature Encoding for Predicting Protein-RNA Interactions}},
    year = {2020},
    journal = {IEEE/ACM Transactions on Computational Biology and Bioinformatics},
    author = {Wang, Lei and You, Zhu Hong and Huang, De Shuang and Zhou, Fengfeng},
    number = {3},
    pages = {972--980},
    volume = {17},
    doi = {10.1109/TCBB.2018.2874267},
    issn = {15579964},
    pmid = {30296240},
    keywords = {Convolution neural network, RNA-protein interactions, extreme learning machine, sequence}
}

@article{Luo2018,
    title = {{Computational drug repositioning using low-rank matrix approximation and randomized algorithms}},
    year = {2018},
    journal = {Bioinformatics},
    author = {Luo, Huimin and Li, Min and Wang, Shaokai and Liu, Quan and Li, Yaohang and Wang, Jianxin},
    pages = {1904--1912},
    volume = {34},
    doi = {10.1093/bioinformatics/bty013},
    issn = {14602059}
}

@article{Adebambo2020,
    title = {{Computational Investigation of the Interaction of Anti-Influenza Drugs with CoVID-19 Protein}},
    year = {2020},
    journal = {Computational Molecular Bioscience},
    author = {Adebambo, Kassim F.},
    doi = {10.4236/cmb.2020.102003},
    issn = {2165-3445}
}

@article{Lu2013,
    title = {{Computational prediction of associations between long non-coding RNAs and proteins}},
    year = {2013},
    journal = {BMC Genomics},
    author = {Lu, Qiongshi and Ren, Sijin and Lu, Ming and Zhang, Yong and Zhu, Dahai and Zhang, Xuegong and Li, Tingting},
    number = {1},
    month = {9},
    pages = {651},
    volume = {14},
    publisher = {BioMed Central},
    url = {http://bmcgenomics.biomedcentral.com/articles/10.1186/1471-2164-14-651},
    doi = {10.1186/1471-2164-14-651},
    issn = {14712164},
    pmid = {24063787},
    keywords = {Computation, Long non-coding RNA, RNA-protein interaction}
}

@article{Mugunga2017,
    title = {{Computational prediction of human disease-related microRNAs by path-based random walk}},
    year = {2017},
    journal = {Oncotarget},
    author = {Mugunga, Israel and Ju, Ying and Liu, Xiangrong and Huang, Xiaoyang},
    number = {35},
    pages = {58526--58535},
    volume = {8},
    doi = {10.18632/oncotarget.17226},
    issn = {19492553},
    keywords = {Disease-related microRNA prediction, Path-based random walk, Systems biology, microRNA}
}

@article{KuttiSridharan2020,
    title = {{COVID-19 and Avoiding Ibuprofen. How Good Is the Evidence?}},
    year = {2020},
    journal = {American journal of therapeutics},
    author = {Kutti Sridharan, Gurusaravanan and Kotagiri, Rajesh and Chandiramani, Vijay H. and Mohan, Babu P. and Vegunta, Rathnamitreyee and Vegunta, Radhakrishna and Rokkam, Venkata R.P.},
    doi = {10.1097/MJT.0000000000001196},
    issn = {15363686},
    pmid = {32366740}
}

@misc{Xu2020b,
    title = {{COVID-19 in people with HIV}},
    year = {2020},
    booktitle = {The Lancet HIV},
    author = {Xu, Zhe and Zhang, Chao and Wang, Fu Sheng},
    doi = {10.1016/S2352-3018(20)30163-6},
    issn = {23523018},
    pmid = {32473658}
}

@article{Jankun2020,
    title = {{COVID-19 pandemic; transmembrane protease serine 2 (TMPRSS2) inhibitors as potential drugs.}},
    year = {2020},
    journal = {Translation: The University of Toledo Journal of Medical Sciences},
    author = {Jankun, Jerzy},
    pages = {1--5},
    volume = {7},
    doi = {10.46570/utjms.vol7-2020-361},
    issn = {2469-6706}
}

@article{Yang2017,
    title = {{DbDEMC 2.0: Updated database of differentially expressed miRNAs in human cancers}},
    year = {2017},
    journal = {Nucleic Acids Research},
    author = {Yang, Zhen and Wu, Liangcai and Wang, Anqiang and Tang, Wei and Zhao, Yi and Zhao, Haitao and Teschendorff, Andrew E.},
    number = {D1},
    pages = {D812-D818},
    volume = {45},
    doi = {10.1093/nar/gkw1079},
    issn = {13624962},
    pmid = {27899556}
}

@article{Bojchevski2017,
    title = {{Deep gaussian embedding of graphs: Unsupervised inductive learning via ranking}},
    year = {2017},
    journal = {arXiv},
    author = {Bojchevski, Aleksandar and Gunnemann, Stephan},
    pages = {1--13},
    arxivId = {1707.03815}
}

@article{Chen2020,
    title = {{Deep-belief network for predicting potential miRNA-disease associations}},
    year = {2020},
    journal = {Briefings in Bioinformatics},
    author = {Chen, Xing and Li, Tian-Hao and Zhao, Yan and Wang, Chun-Chun and Zhu, Chi-Chi},
    month = {9},
    publisher = {Oxford University Press (OUP)},
    doi = {10.1093/bib/bbaa186},
    issn = {1467-5463}
}

@article{deepLPI,
    title = {{DeepLPI: a multimodal deep learning method for predicting the interactions between lncRNAs and protein isoforms}},
    year = {2021},
    journal = {BMC Bioinformatics},
    author = {Shaw, Dipan and Chen, Hao and Xie, Minzhu and Jiang, Tao},
    number = {1},
    month = {12},
    volume = {22},
    publisher = {BioMed Central Ltd},
    doi = {10.1186/s12859-020-03914-7},
    issn = {14712105},
    pmid = {33461501}
}

@article{Huang2021,
    title = {{DeepPurpose: a deep learning library for drug–target interaction prediction}},
    year = {2021},
    journal = {Bioinformatics},
    author = {Huang, Kexin and Fu, Tianfan and Glass, Lucas M and Zitnik, Marinka and Xiao, Cao and Sun, Jimeng},
    number = {22-23},
    pages = {5545--5547},
    volume = {36},
    doi = {10.1093/bioinformatics/btaa1005},
    issn = {1367-4803},
    pmid = {33275143},
    arxivId = {2004.08919}
}

@article{Xue2003,
    title = {{Design and evaluation of a molecular fingerprint involving the transformation of property descriptor values into a binary classification scheme}},
    year = {2003},
    journal = {Journal of Chemical Information and Computer Sciences},
    author = {Xue, Ling and Godden, Jeffrey W. and Stahura, Florence L. and Bajorath, Jürgen},
    number = {4},
    pages = {1151--1157},
    volume = {43},
    doi = {10.1021/ci030285+},
    issn = {00952338},
    pmid = {12870906}
}

@article{Zhang2020a,
    title = {{Designing a general method for predicting the regulatory relationships between long noncoding RNAs and protein-coding genes based on multi-omics characteristics}},
    year = {2020},
    journal = {Bioinformatics},
    author = {Zhang, Yuwei and Yi, Tianfei and Ji, Huihui and Zhao, Guofang and Xi, Yang and Dong, Changzheng and Zhang, Lina and Zhang, Xiaohong and Zhao, Jinshun and Liao, Qi},
    number = {7},
    pages = {2025--2032},
    volume = {36},
    doi = {10.1093/bioinformatics/btz886},
    issn = {14602059},
    pmid = {31778157}
}

@article{Peng2018a,
    title = {{Discovery of relationships between long non-coding RNAs and genes in human diseases based on tensor completion}},
    year = {2018},
    journal = {IEEE Access},
    author = {Peng, Chen and Zou, Liang and Huang, De Shuang},
    pages = {59152--59162},
    volume = {6},
    doi = {10.1109/ACCESS.2018.2873013},
    issn = {21693536},
    keywords = {Cancers, Diseases, Genes, LncRNAs, Tensor}
}

@article{Pinero2017,
    title = {{DisGeNET: A comprehensive platform integrating information on human disease-associated genes and variants}},
    year = {2017},
    journal = {Nucleic Acids Research},
    author = {Pi{\~{n}}ero, Janet and Bravo, Álex and Queralt-Rosinach, Núria and Guti{\'{e}}rrez-Sacrist{\'{a}}n, Alba and Deu-Pons, Jordi and Centeno, Emilio and Garc{\'{i}}a-Garc{\'{i}}a, Javier and Sanz, Ferran and Furlong, Laura I.},
    number = {D1},
    pages = {D833-D839},
    volume = {45},
    doi = {10.1093/nar/gkw943},
    issn = {13624962},
    pmid = {27924018}
}

@article{Li2020h,
    title = {{Distance Encoding: Design Provably More Powerful Neural Networks for Graph Representation Learning}},
    year = {2020},
    author = {Li, Pan and Wang, Yanbang and Wang, Hongwei and Leskovec, Jure},
    number = {1},
    pages = {1--29},
    url = {http://arxiv.org/abs/2009.00142},
    arxivId = {2009.00142}
}

@article{Liu2020,
    title = {{DMFMDA: Prediction of microbe-disease associations based on deep matrix factorization using Bayesian Personalized Ranking}},
    year = {2020},
    journal = {IEEE/ACM Transactions on Computational Biology and Bioinformatics},
    author = {Liu, Yue and Wang, Shu Lin and Zhang, Junfeng and Zhang, Wei and Zhou, Su and Li, Wen},
    doi = {10.1109/TCBB.2020.3018138},
    issn = {15579964},
    keywords = {Bayesian Personalized Ranking, Computational modeling, Computer science, Databases, Diseases, Encoding, Neural networks, Predictive models, microbe-disease associations, neural network, pairwise loss}
}

@inproceedings{Yang2019,
    title = {{Drug repositioning based on bounded nuclear norm regularization}},
    year = {2019},
    booktitle = {Bioinformatics},
    author = {Yang, Mengyun and Luo, Huimin and Li, Yaohang and Wang, Jianxin},
    number = {14},
    pages = {i455-i463},
    volume = {35},
    doi = {10.1093/bioinformatics/btz331},
    issn = {14602059},
    pmid = {31510658}
}

@article{Meng2021,
    title = {{Drug repositioning based on similarity constrained probabilistic matrix factorization: COVID-19 as a case study}},
    year = {2021},
    journal = {Applied Soft Computing},
    author = {Meng, Yajie and Jin, Min and Tang, Xianfang and Xu, Junlin},
    month = {5},
    pages = {107135},
    volume = {103},
    publisher = {Elsevier Ltd},
    url = {/pmc/articles/PMC7825831/ /pmc/articles/PMC7825831/?report=abstract https://www.ncbi.nlm.nih.gov/pmc/articles/PMC7825831/},
    doi = {10.1016/j.asoc.2021.107135},
    issn = {15684946},
    keywords = {COVID-19, Drug repositioning, Drug–disease associations prediction, Drug–virus interactions prediction, Similarity constrained probabilistic matrix factor}
}

@article{Ashburn2004,
    title = {{Drug repositioning: identifying and developing new uses for existing drugs.}},
    year = {2004},
    journal = {Nature Reviews Drug Discovery},
    author = {Ashburn, Ted T and Thor, Karl B},
    number = {8},
    pages = {673--683},
    volume = {3}
}

@article{Chen2012,
    title = {{Drug-target interaction prediction by random walk on the heterogeneous network}},
    year = {2012},
    journal = {Molecular BioSystems},
    author = {Chen, Xing and Liu, Ming Xi and Yan, Gui Ying},
    number = {7},
    pages = {1970--1978},
    volume = {8},
    doi = {10.1039/c2mb00002d},
    issn = {1742206X},
    pmid = {22538619}
}

@article{Wishart2018,
    title = {{DrugBank 5.0: A major update to the DrugBank database for 2018}},
    year = {2018},
    journal = {Nucleic Acids Research},
    author = {Wishart, David S. and Feunang, Yannick D. and Guo, An C. and Lo, Elvis J. and Marcu, Ana and Grant, Jason R. and Sajed, Tanvir and Johnson, Daniel and Li, Carin and Sayeeda, Zinat and Assempour, Nazanin and Iynkkaran, Ithayavani and Liu, Yifeng and MacIejewski, Adam and Gale, Nicola and Wilson, Alex and Chin, Lucy and Cummings, Ryan and Le, DIana and Pon, Allison and Knox, Craig and Wilson, Michael},
    number = {D1},
    pages = {D1074-D1082},
    volume = {46},
    doi = {10.1093/nar/gkx1037},
    issn = {13624962},
    pmid = {29126136}
}

@article{Chen2019,
    title = {{Ensemble of decision tree reveals potential miRNA-disease associations}},
    year = {2019},
    journal = {PLoS computational biology},
    author = {Chen, Xing and Zhu, Chi-Chi and Yin, Jun},
    number = {7},
    pages = {e1007209},
    volume = {15},
    publisher = {Public Library of Science},
    issn = {1553-7358}
}

@article{DIng2019,
    title = {{Ensemble Prediction of Synergistic Drug Combinations Incorporating Biological, Chemical, Pharmacological, and Network Knowledge}},
    year = {2019},
    journal = {IEEE Journal of Biomedical and Health Informatics},
    author = {DIng, Pingjian and Yin, Rui and Luo, Jiawei and Kwoh, Chee Keong},
    number = {3},
    month = {5},
    pages = {1336--1345},
    volume = {23},
    publisher = {Institute of Electrical and Electronics Engineers Inc.},
    doi = {10.1109/JBHI.2018.2852274},
    issn = {21682194},
    pmid = {29994408},
    keywords = {Ensemble prediction, graph regularization, heterogeneous network, synergistic drug combination, transductive learning}
}

@article{Long2020c,
    title = {{Ensembling graph attention networks for human microbe-drug association prediction}},
    year = {2020},
    journal = {Bioinformatics},
    author = {Long, Yahui and Wu, Min and Liu, Yong and Kwoh, Chee Keong and Luo, Jiawei and Li, Xiaoli},
    number = {26},
    pages = {I779-I786},
    volume = {36},
    doi = {10.1093/bioinformatics/btaa891},
    issn = {14602059},
    pmid = {33381844}
}

@article{Zhou2021a,
    title = {{EVLncRNAs 2.0: An updated database of manually curated functional long non-coding RNAs validated by low-throughput experiments}},
    year = {2021},
    journal = {Nucleic Acids Research},
    author = {Zhou, Bailing and Ji, Baohua and Liu, Kui and Hu, Guodong and Wang, Fei and Chen, Qingshuai and Yu, Ru and Huang, Pingping and Ren, Jing and Guo, Chengang and Zhao, Huiying and Zhang, Hongmei and Zhao, Dongbo and Li, Zhiwei and Zeng, Qiangcheng and Yu, Jiafeng and Bian, Yunqiang and Cao, Zanxia and Xu, Shicai and Yang, Yuedong and Zhou, Yaoqi and Wang, Jihua},
    number = {D1},
    pages = {D86-D91},
    volume = {49},
    doi = {10.1093/nar/gkaa1076},
    issn = {13624962},
    pmid = {33221906}
}

@article{Zhou2021,
    title = {{EVLncRNAs 2.0: An updated database of manually curated functional long non-coding RNAs validated by low-throughput experiments}},
    year = {2021},
    journal = {Nucleic Acids Research},
    author = {Zhou, Bailing and Ji, Baohua and Liu, Kui and Hu, Guodong and Wang, Fei and Chen, Qingshuai and Yu, Ru and Huang, Pingping and Ren, Jing and Guo, Chengang and Zhao, Huiying and Zhang, Hongmei and Zhao, Dongbo and Li, Zhiwei and Zeng, Qiangcheng and Yu, Jiafeng and Bian, Yunqiang and Cao, Zanxia and Xu, Shicai and Yang, Yuedong and Zhou, Yaoqi and Wang, Jihua},
    number = {D1},
    month = {1},
    pages = {D86-D91},
    volume = {49},
    publisher = {Oxford University Press},
    url = {https://academic.oup.com/nar/article/49/D1/D86/5998394},
    doi = {10.1093/nar/gkaa1076},
    issn = {13624962},
    pmid = {33221906},
    keywords = {bioinformatics, biophysics, circular rna, genes, micrornas, stress, user-computer interface}
}

@article{Cai2020,
    title = {{Experimental Treatment with Favipiravir for COVID-19: An Open-Label Control Study}},
    year = {2020},
    journal = {Engineering},
    author = {Cai, Qingxian and Yang, Minghui and Liu, Dongjing and Chen, Jun and Shu, Dan and Xia, Junxia and Liao, Xuejiao and Gu, Yuanbo and Cai, Qiue and Yang, Yang and Shen, Chenguang and Li, Xiaohe and Peng, Ling and Huang, Deliang and Zhang, Jing and Zhang, Shurong and Wang, Fuxiang and Liu, Jiaye and Chen, Li and Chen, Shuyan and Wang, Zhaoqin and Zhang, Zheng and Cao, Ruiyuan and Zhong, Wu and Liu, Yingxia and Liu, Lei},
    number = {10},
    pages = {1192--1198},
    volume = {6},
    doi = {10.1016/j.eng.2020.03.007},
    issn = {20958099},
    keywords = {Antiviral therapy, COVID-19, Favipiravir, Open-label nonrandomized control study, SARS-CoV-2}
}

@inproceedings{Clevert2016,
    title = {{Fast and accurate deep network learning by exponential linear units (ELUs)}},
    year = {2016},
    booktitle = {4th International Conference on Learning Representations, ICLR 2016 - Conference Track Proceedings},
    author = {Clevert, Djork Arné and Unterthiner, Thomas and Hochreiter, Sepp},
    arxivId = {1511.07289}
}

@inproceedings{He2008,
    title = {{Fast kernel learning for spatial pyramid matching}},
    year = {2008},
    booktitle = {26th IEEE Conference on Computer Vision and Pattern Recognition, CVPR},
    author = {He, Junfeng and Chang, Shih Fu and Xie, Lexing},
    isbn = {9781424422432},
    doi = {10.1109/CVPR.2008.4587636}
}

@article{Salha2020a,
    title = {{FastGAE: Fast, scalable and effective graph autoencoders with stochastic subgraph decoding}},
    year = {2020},
    journal = {arXiv},
    author = {Salha, Guillaume and Hennequin, Romain and Remy, Jean Baptiste and Moussallam, Manuel and Vazirgiannis, Michalis},
    arxivId = {arXiv:2002.01910v3}
}

@article{Cai2018,
    title = {{Feature selection in machine learning: A new perspective}},
    year = {2018},
    journal = {Neurocomputing},
    author = {Cai, Jie and Luo, Jiawei and Wang, Shulin and Yang, Sheng},
    month = {7},
    pages = {70--79},
    volume = {300},
    publisher = {Elsevier B.V.},
    doi = {10.1016/j.neucom.2017.11.077},
    issn = {18728286},
    keywords = {Data mining, Dimensionality reduction, Feature selection, Machine learning}
}

@misc{Zhu2013,
    title = {{Function of lncRNAs and approaches to lncRNA-protein interactions}},
    year = {2013},
    booktitle = {Science China Life Sciences},
    author = {Zhu, Juan Juan and Fu, Han Jiang and Wu, Yong Ge and Zheng, Xiao Fei},
    number = {10},
    month = {10},
    pages = {876--885},
    volume = {56},
    doi = {10.1007/s11427-013-4553-6},
    issn = {16747305},
    pmid = {24091684},
    keywords = {RNA-protein interaction, function, lncRNA}
}

@misc{Zhu2013b,
    title = {{Function of lncRNAs and approaches to lncRNA-protein interactions}},
    year = {2013},
    booktitle = {Science China Life Sciences},
    author = {Zhu, Juan Juan and Fu, Han Jiang and Wu, Yong Ge and Zheng, Xiao Fei},
    number = {10},
    month = {10},
    pages = {876--885},
    volume = {56},
    publisher = {Springer},
    url = {http://cmbi.bjmu.edu.cn/lncrnadisease},
    doi = {10.1007/s11427-013-4553-6},
    issn = {16747305},
    pmid = {24091684},
    keywords = {RNA-protein interaction, function, lncRNA}
}

@misc{Zhu2013a,
    title = {{Function of lncRNAs and approaches to lncRNA-protein interactions}},
    year = {2013},
    booktitle = {Science China Life Sciences},
    author = {Zhu, Juan Juan and Fu, Han Jiang and Wu, Yong Ge and Zheng, Xiao Fei},
    number = {10},
    month = {10},
    pages = {876--885},
    volume = {56},
    publisher = {Springer},
    url = {http://cmbi.bjmu.edu.cn/lncrnadisease},
    doi = {10.1007/s11427-013-4553-6},
    issn = {16747305},
    pmid = {24091684},
    keywords = {RNA-protein interaction, function, lncRNA}
}

@article{Zheng2017,
    title = {{Fusing multiple protein-protein similarity networks to effectively predict lncRNA-protein interactions}},
    year = {2017},
    author = {Zheng, Xiaoxiong and Wang, Yang and Tian, Kai and Zhou, Jiaogen and Guan, Jihong and Luo, Libo and Zhou, Shuigeng},
    pages = {5--8},
    volume = {18},
    doi = {10.1186/s12859-017-1819-1},
    keywords = {Random walk, Similarity network fusion, lncRNA-Protein Interaction}
}

@article{Zheng2017a,
    title = {{Fusing multiple protein-protein similarity networks to effectively predict lncRNA-protein interactions}},
    year = {2017},
    journal = {BMC Bioinformatics},
    author = {Zheng, Xiaoxiong and Wang, Yang and Tian, Kai and Zhou, Jiaogen and Guan, Jihong and Luo, Libo and Zhou, Shuigeng},
    number = {S12},
    month = {10},
    pages = {420},
    volume = {18},
    publisher = {BioMed Central Ltd.},
    url = {http://bmcbioinformatics.biomedcentral.com/articles/10.1186/s12859-017-1819-1},
    doi = {10.1186/s12859-017-1819-1},
    issn = {14712105},
    pmid = {29072138},
    keywords = {LncRNA-Protein Interaction, Random walk, Similarity network fusion}
}

@article{Wu2010,
    title = {{GAP: A graphical environment for matrix visualization and cluster analysis}},
    year = {2010},
    journal = {Computational Statistics and Data Analysis},
    author = {Wu, Han Ming and Tien, Yin Jing and Chen, Chun houh},
    number = {3},
    month = {3},
    pages = {767--778},
    volume = {54},
    publisher = {North-Holland},
    doi = {10.1016/j.csda.2008.09.029},
    issn = {01679473}
}

@article{VanLaarhoven2011,
    title = {{Gaussian interaction profile kernels for predicting drug-target interaction}},
    year = {2011},
    journal = {Bioinformatics},
    author = {van Laarhoven, Twan and Nabuurs, Sander B. and Marchiori, Elena},
    number = {21},
    pages = {3036--3043},
    volume = {27},
    doi = {10.1093/bioinformatics/btr500},
    issn = {13674803},
    pmid = {21893517}
}

@article{Harrow2012,
    title = {{GENCODE: The reference human genome annotation for the ENCODE project}},
    year = {2012},
    journal = {Genome Research},
    author = {Harrow, Jennifer and Frankish, Adam and Gonzalez, Jose M. and Tapanari, Electra and Diekhans, Mark and Kokocinski, Felix and Aken, Bronwen L. and Barrell, Daniel and Zadissa, Amonida and Searle, Stephen and Barnes, If and Bignell, Alexandra and Boychenko, Veronika and Hunt, Toby and Kay, Mike and Mukherjee, Gaurab and Rajan, Jeena and Despacio-Reyes, Gloria and Saunders, Gary and Steward, Charles and Harte, Rachel and Lin, Michael and Howald, Cédric and Tanzer, Andrea and Derrien, Thomas and Chrast, Jacqueline and Walters, Nathalie and Balasubramanian, Suganthi and Pei, Baikang and Tress, Michael and Rodriguez, Jose Manuel and Ezkurdia, Iakes and Van Baren, Jeltje and Brent, Michael and Haussler, David and Kellis, Manolis and Valencia, Alfonso and Reymond, Alexandre and Gerstein, Mark and Guig{\'{o}}, Roderic and Hubbard, Tim J.},
    number = {9},
    pages = {1760--1774},
    volume = {22},
    doi = {10.1101/gr.135350.111},
    issn = {10889051},
    pmid = {22955987}
}

@article{Udell2016,
    title = {{Generalized low rank models}},
    year = {2016},
    journal = {Foundations and Trends in Machine Learning},
    author = {Udell, Madeleine and Horn, Corinne and Zadeh, Reza and Boyd, Stephen},
    number = {1},
    pages = {1--118},
    volume = {9},
    doi = {10.1561/2200000055},
    issn = {19358245},
    arxivId = {1410.0342}
}

@misc{Hao:gidmaps:2014,
    title = {{Global integrated drought monitoring and prediction system ({\{}GIDMaPS{\}}) data sets}},
    year = {2014},
    author = {Hao, Z and AghaKouchak, A and Nakhjiri, N and Farahmand, A},
    howpublished = {{\textbackslash}emph{\{}figshare{\}} {\textbackslash}url{\{}http://dx.doi.org/10.6084/m9.figshare.853801{\}}}
}

@article{Wan2013,
    title = {{GOASVM: A subcellular location predictor by incorporating term-frequency gene ontology into the general form of Chou's pseudo-amino acid composition}},
    year = {2013},
    journal = {Journal of Theoretical Biology},
    author = {Wan, Shibiao and Mak, Man Wai and Kung, Sun Yuan},
    pages = {40--48},
    volume = {323},
    doi = {10.1016/j.jtbi.2013.01.012},
    issn = {00225193},
    pmid = {23376577},
    keywords = {GO terms, Gene ontology, Protein subcellular localization, Support vector machines, Term frequency}
}

@article{Velickovic2017,
    title = {{Graph attention networks}},
    year = {2017},
    journal = {arXiv},
    author = {Velickovi{\'{c}}, Petar and Cucurull, Guillem and Casanova, Arantxa and Romero, Adriana and Li{\`{o}}, Pietro and Bengio, Yoshua},
    pages = {1--12},
    arxivId = {1710.10903}
}

@article{Salha,
    title = {{Graph Autoencoders with Stochastic Subgraph Decoding}},
    author = {Salha, Guillaume and Hennequin, Romain},
    arxivId = {arXiv:2002.01910v3}
}

@article{Huang2020b,
    title = {{Graph convolution for predicting associations between miRNA and drug resistance}},
    year = {2020},
    journal = {Bioinformatics},
    author = {Huang, Yu An and Hu, Pengwei and Chan, Keith C.C. and You, Zhu Hong},
    number = {3},
    pages = {851--858},
    volume = {36},
    doi = {10.1093/bioinformatics/btz621},
    issn = {14602059},
    pmid = {31397851}
}

@article{Yu2020a,
    title = {{Graph Convolutional Network for Recommendation with Low-pass Collaborative Filters}},
    year = {2020},
    journal = {arXiv},
    author = {Yu, Wenhui and Qin, Zheng},
    month = {6},
    publisher = {arXiv},
    url = {https://arxiv.org/abs/2006.15516v2},
    issn = {23318422},
    arxivId = {2006.15516}
}

@misc{Sun2020b,
    title = {{Graph convolutional networks for computational drug development and discovery}},
    year = {2020},
    booktitle = {Briefings in Bioinformatics},
    author = {Sun, Mengying and Zhao, Sendong and Gilvary, Coryandar and Elemento, Olivier and Zhou, Jiayu and Wang, Fei},
    number = {3},
    month = {5},
    pages = {919--935},
    volume = {21},
    publisher = {Oxford University Press},
    url = {https://academic.oup.com/bib/article/21/3/919/5498046},
    doi = {10.1093/bib/bbz042},
    issn = {14774054},
    pmid = {31155636},
    keywords = {computational drug development, graph convolution network}
}

@misc{Sun2020c,
    title = {{Graph convolutional networks for computational drug development and discovery}},
    year = {2020},
    booktitle = {Briefings in Bioinformatics},
    author = {Sun, Mengying and Zhao, Sendong and Gilvary, Coryandar and Elemento, Olivier and Zhou, Jiayu and Wang, Fei},
    number = {3},
    month = {5},
    pages = {919--935},
    volume = {21},
    publisher = {Oxford University Press},
    doi = {10.1093/bib/bbz042},
    issn = {14774054},
    pmid = {31155636},
    keywords = {computational drug development, graph convolution network}
}

@article{Iscen2020,
    title = {{Graph Convolutional Networks for Learning with Few Clean and Many Noisy Labels}},
    year = {2020},
    author = {Iscen, Ahmet and Tolias, Giorgos and Avrithis, Yannis and Chum, Ondřej and Schmid, Cordelia},
    pages = {286--302},
    doi = {10.1007/978-3-030-58607-2{\_}17},
    arxivId = {1910.00324}
}

@article{Yue2020,
    title = {{Graph embedding on biomedical networks: Methods, applications and evaluations}},
    year = {2020},
    journal = {Bioinformatics},
    author = {Yue, Xiang and Wang, Zhen and Huang, Jingong and Parthasarathy, Srinivasan and Moosavinasab, Soheil and Huang, Yungui and Lin, Simon M. and Zhang, Wen and Zhang, Ping and Sun, Huan},
    number = {4},
    pages = {1241--1251},
    volume = {36},
    doi = {10.1093/bioinformatics/btz718},
    issn = {14602059},
    pmid = {31584634},
    arxivId = {1906.05017}
}

@article{Yue2019,
    title = {{Graph embedding on biomedical networks: Methods, applications, and evaluations}},
    year = {2019},
    journal = {arXiv},
    author = {Yue, Xiang and Wang, Zhen and Huang, Jingong and Parthasarathy, Srinivasan and Moosavinasab, Soheil and Huang, Yungui and Lin, Simon M. and Zhang, Wen and Zhang, Ping and Sun, Huan}
}

@article{Huang2020,
    title = {{Graph Meta Learning via Local Subgraphs}},
    year = {2020},
    journal = {arXiv},
    author = {Huang, Kexin and Zitnik, Marinka},
    number = {NeurIPS},
    pages = {1--20},
    arxivId = {2006.07889}
}

@article{Zhou2018,
    title = {{Graph Neural Networks: A Review of Methods and Applications}},
    year = {2018},
    journal = {arXiv},
    author = {Zhou, Jie and Cui, Ganqu and Zhang, Zhengyan and Yang, Cheng and Liu, Zhiyuan and Wang, Lifeng and Li, Changcheng and Sun, Maosong},
    pages = {1--22},
    arxivId = {1812.08434},
    keywords = {Deep Learning,, Graph Neural Network}
}

@article{Xu2019,
    title = {{Graph wavelet neural network}},
    year = {2019},
    journal = {7th International Conference on Learning Representations, ICLR 2019},
    author = {Xu, Bingbing and Shen, Huawei and Cao, Qi and Qiu, Yunqi and Cheng, Xueqi},
    pages = {1--13}
}

@article{Wang2019a,
    title = {{Heterogeneous graph attention network}},
    year = {2019},
    journal = {arXiv},
    author = {Wang, Xiao and Ji, Houye and Cui, Peng and Yu, P. and Shi, Chuan and Wang, Bai and Ye, Yanfang},
    isbn = {1234567245},
    keywords = {Graph Analysis, Neural Network, Social Network}
}

@article{Xiong2019,
    title = {{Heterogeneous network embedding enabling accurate disease association predictions}},
    year = {2019},
    journal = {BMC Medical Genomics},
    author = {Xiong, Yun and Guo, Mengjie and Ruan, Lu and Kong, Xiangnan and Tang, Chunlei and Zhu, Yangyong and Wang, Wei},
    month = {12},
    volume = {12},
    publisher = {BioMed Central Ltd.},
    doi = {10.1186/s12920-019-0623-3},
    issn = {17558794},
    pmid = {31865913},
    keywords = {Disease association prediction, Heterogeneous network, Network embedding}
}

@article{Li2014,
    title = {{HMDD v2.0: A database for experimentally supported human microRNA and disease associations}},
    year = {2014},
    journal = {Nucleic Acids Research},
    author = {Li, Yang and Qiu, Chengxiang and Tu, Jian and Geng, Bin and Yang, Jichun and Jiang, Tianzi and Cui, Qinghua},
    number = {D1},
    volume = {42},
    doi = {10.1093/nar/gkt1023},
    issn = {03051048},
    pmid = {24194601}
}

@article{Huang2019a,
    title = {{HMDD v3.0: A database for experimentally supported human microRNA-disease associations}},
    year = {2019},
    journal = {Nucleic Acids Research},
    author = {Huang, Zhou and Shi, Jiangcheng and Gao, Yuanxu and Cui, Chunmei and Zhang, Shan and Li, Jianwei and Zhou, Yuan and Cui, Qinghua},
    number = {D1},
    pages = {D1013-D1017},
    volume = {47},
    doi = {10.1093/nar/gky1010},
    issn = {13624962},
    pmid = {30364956}
}

@inproceedings{Zhang2019a,
    title = {{HNGRNMF: Heterogeneous Network-based Graph Regularized Nonnegative Matrix Factorization for predicting events of microbe-disease associations}},
    year = {2019},
    booktitle = {Proceedings - 2018 IEEE International Conference on Bioinformatics and Biomedicine, BIBM 2018},
    author = {Zhang, Wen and Lu, Xiaoting and Yang, Weitai and Huang, Feng and Wang, Binlu and Wang, Alan and Zhao, Qi},
    pages = {803--807},
    isbn = {9781538654880},
    doi = {10.1109/BIBM.2018.8621085},
    keywords = {heterogeneous network, microbe-disease associations, nonnegative matrix factorization}
}

@article{Peng2018,
    title = {{HNMDA: heterogeneous network-based miRNA–disease association prediction}},
    year = {2018},
    journal = {Molecular Genetics and Genomics},
    author = {Peng, Li Hong and Sun, Chuan Neng and Guan, Na Na and Li, Jian Qiang and Chen, Xing},
    number = {4},
    pages = {983--995},
    volume = {293},
    doi = {10.1007/s00438-018-1438-1},
    issn = {16174623},
    pmid = {29687157},
    keywords = {Association prediction, Disease, Heterogeneous network, MicroRNA}
}

@article{He2020,
    title = {{Hybrid Attentional Memory Network for Computational drug repositioning}},
    year = {2020},
    journal = {arXiv},
    author = {He, Jieyue and Yang, Xinxing and Gong, Zhuo and Zamit, Lbrahim},
    pages = {1--17},
    publisher = {BioMed Central},
    url = {https://doi.org/10.1186/s12859-020-03898-4},
    doi = {10.1186/s12859-020-03898-4},
    issn = {1471-2105},
    arxivId = {2006.06910},
    keywords = {Attention mechanism, Data mining, Drug repositioning, Memory network}
}

@article{Davidson2018,
    title = {{Hyperspherical variational auto-encoders}},
    year = {2018},
    journal = {34th Conference on Uncertainty in Artificial Intelligence 2018, UAI 2018},
    author = {Davidson, Tim R. and Falorsi, Luca and De Cao, Nicola and Kipf, Thomas and Tomczak, Jakub M.},
    pages = {856--865},
    volume = {2},
    isbn = {9781510871601},
    arxivId = {1804.00891}
}

@misc{ArjomandiRad2020,
    title = {{Ibuprofen and thromboembolism in SARS-COV2}},
    year = {2020},
    booktitle = {Journal of Thrombosis and Haemostasis},
    author = {Arjomandi Rad, Arian and Vardanyan, Robert and Tas, Natalie R.},
    number = {9},
    pages = {2425--2427},
    volume = {18},
    doi = {10.1111/jth.14901},
    issn = {15387836},
    pmid = {32415902}
}

@article{Rinott2020,
    title = {{Ibuprofen use and clinical outcomes in COVID-19 patients}},
    year = {2020},
    journal = {Clinical Microbiology and Infection},
    author = {Rinott, E. and Kozer, E. and Shapira, Y. and Bar-Haim, A. and Youngster, I.},
    number = {9},
    pages = {5--1259},
    volume = {26},
    doi = {10.1016/j.cmi.2020.06.003},
    issn = {14690691},
    pmid = {32535147},
    keywords = {Antipyretics, Coronavirus disease 2019, Disease severity, Ibuprofen, Paracetamol}
}

@inproceedings{Li2020,
    title = {{Identification of Human LncRNA-Disease Association by Fast Kernel Learning-Based Kronecker Regularized Least Squares}},
    year = {2020},
    booktitle = {Lecture Notes in Computer Science (including subseries Lecture Notes in Artificial Intelligence and Lecture Notes in Bioinformatics)},
    author = {Li, Wen and Wang, Shu Lin and Xu, Junlin and Yang, Jialiang},
    isbn = {9783030608019},
    doi = {10.1007/978-3-030-60802-6{\_}27},
    issn = {16113349},
    keywords = {Fast kernel learning, Kronecker regularized least squares, LncRNA-disease association identification, Similarity kernel fusion}
}

@article{Hamilton2017,
    title = {{Inductive representation learning on large graphs}},
    year = {2017},
    journal = {Advances in Neural Information Processing Systems},
    author = {Hamilton, William L. and Ying, Rex and Leskovec, Jure},
    number = {Nips},
    pages = {1025--1035},
    volume = {2017-Decem},
    issn = {10495258},
    arxivId = {1706.02216}
}

@article{Li2019,
    title = {{Inferring Latent Disease-lncRNA Associations by Faster Matrix Completion on a Heterogeneous Network}},
    year = {2019},
    journal = {Frontiers in Genetics},
    author = {Li, Wen and Wang, Shulin and Xu, Junlin and Mao, Guo and Tian, Geng and Yang, Jialiang},
    volume = {10},
    doi = {10.3389/fgene.2019.00769},
    issn = {16648021},
    keywords = {association prediction, faster SVT, heterogeneous bilayer network, matrix completion, randomized partial SVD, similarity measurements}
}

@article{Wang2010,
    title = {{Inferring the human microRNA functional similarity and functional network based on microRNA-associated diseases}},
    year = {2010},
    journal = {Bioinformatics},
    author = {Wang, Dong and Wang, Juan and Lu, Ming and Song, Fei and Cui, Qinghua},
    number = {13},
    pages = {1644--1650},
    volume = {26},
    doi = {10.1093/bioinformatics/btq241},
    issn = {13674803},
    pmid = {20439255}
}

@article{Hao2020,
    title = {{Interferon-{$\alpha$}2b spray inhalation did not shorten virus shedding time of SARS-CoV-2 in hospitalized patients: a preliminary matched case-control study}},
    year = {2020},
    journal = {Journal of Zhejiang University. Science. B},
    author = {Hao, Shao Rui and Yan, Ren and Zhang, Shan Yan and Lian, Jiang Shan and Cai, Huan and Zhang, Xiao Li and Zheng, Lin and Jia, Hong Yu and Hu, Jian Hua and Yu, Guo Dong and Gu, Jue Qing and Ye, Chan Yuan and Jin, Ci Liang and Lu, Ying Feng and Xin, Jiao Jiao and Sheng, Ji Fang and Yang, Yi Da},
    number = {8},
    month = {8},
    pages = {628--636},
    volume = {21},
    publisher = {NLM (Medline)},
    doi = {10.1631/jzus.B2000211},
    issn = {18621783},
    pmid = {32748578}
}

@article{Li2020a,
    title = {{Invitation Letter}},
    year = {2020},
    author = {Li, Wen and Wang, Shulin and Xu, Junlin and Yang, Jialiang}
}

@article{Zhao2018,
    title = {{IRWNRLPI: Integrating random walk and neighborhood regularized logistic matrix factorization for lncRNA-protein interaction prediction}},
    year = {2018},
    journal = {Frontiers in Genetics},
    author = {Zhao, Qi and Zhang, Yue and Hu, Huan and Ren, Guofei and Zhang, Wen and Liu, Hongsheng},
    number = {JUL},
    volume = {9},
    doi = {10.3389/fgene.2018.00239},
    issn = {16648021},
    keywords = {Integration method, Interaction prediction, LncRNA, Neighborhood regularized logistic matrix factoriza, Protein, Random walk}
}

@article{IRWNRLPI,
    title = {{IRWNRLPI: Integrating random walk and neighborhood regularized logistic matrix factorization for lncRNA-protein interaction prediction}},
    year = {2018},
    journal = {Frontiers in Genetics},
    author = {Zhao, Qi and Zhang, Yue and Hu, Huan and Ren, Guofei and Zhang, Wen and Liu, Hongsheng},
    number = {JUL},
    month = {7},
    volume = {9},
    publisher = {Frontiers Media S.A.},
    doi = {10.3389/fgene.2018.00239},
    issn = {16648021},
    keywords = {Integration method, Interaction prediction, LncRNA, Neighborhood regularized logistic matrix factoriza, Protein, Random walk}
}

@inproceedings{Sarwar2001,
    title = {{Item-based collaborative filtering recommendation algorithms}},
    year = {2001},
    booktitle = {Proceedings of the 10th International Conference on World Wide Web, WWW 2001},
    author = {Sarwar, Badrul and Karypis, George and Konstan, Joseph and Riedl, John},
    pages = {285--295},
    isbn = {1581133480},
    doi = {10.1145/371920.372071}
}

@article{Lin2020,
    title = {{KGNN: Knowledge Graph Neural Network for Drug-Drug Interaction Prediction}},
    year = {2020},
    author = {Lin, Xuan and Quan, Zhe and Wang, Zhi-Jie and Ma, Tengfei and Zeng, Xiangxiang},
    pages = {2739--2745},
    doi = {10.24963/ijcai.2020/380},
    keywords = {Machine Learning Applications: Bio/Medicine, Machine Learning: Deep Learning}
}

@article{Djebali2012,
    title = {{Landscape of transcription in human cells}},
    year = {2012},
    journal = {Nature},
    author = {Djebali, Sarah and Davis, Carrie A. and Merkel, Angelika and Dobin, Alex and Lassmann, Timo and Mortazavi, Ali and Tanzer, Andrea and Lagarde, Julien and Lin, Wei and Schlesinger, Felix and Xue, Chenghai and Marinov, Georgi K. and Khatun, Jainab and Williams, Brian A. and Zaleski, Chris and Rozowsky, Joel and R{\"{o}}der, Maik and Kokocinski, Felix and Abdelhamid, Rehab F. and Alioto, Tyler and Antoshechkin, Igor and Baer, Michael T. and Bar, Nadav S. and Batut, Philippe and Bell, Kimberly and Bell, Ian and Chakrabortty, Sudipto and Chen, Xian and Chrast, Jacqueline and Curado, Joao and Derrien, Thomas and Drenkow, Jorg and Dumais, Erica and Dumais, Jacqueline and Duttagupta, Radha and Falconnet, Emilie and Fastuca, Meagan and Fejes-Toth, Kata and Ferreira, Pedro and Foissac, Sylvain and Fullwood, Melissa J. and Gao, Hui and Gonzalez, David and Gordon, Assaf and Gunawardena, Harsha and Howald, Cedric and Jha, Sonali and Johnson, Rory and Kapranov, Philipp and King, Brandon and Kingswood, Colin and Luo, Oscar J. and Park, Eddie and Persaud, Kimberly and Preall, Jonathan B. and Ribeca, Paolo and Risk, Brian and Robyr, Daniel and Sammeth, Michael and Schaffer, Lorian and See, Lei Hoon and Shahab, Atif and Skancke, Jorgen and Suzuki, Ana Maria and Takahashi, Hazuki and Tilgner, Hagen and Trout, Diane and Walters, Nathalie and Wang, Huaien and Wrobel, John and Yu, Yanbao and Ruan, Xiaoan and Hayashizaki, Yoshihide and Harrow, Jennifer and Gerstein, Mark and Hubbard, Tim and Reymond, Alexandre and Antonarakis, Stylianos E. and Hannon, Gregory and Giddings, Morgan C. and Ruan, Yijun and Wold, Barbara and Carninci, Piero and Guig, Roderic and Gingeras, Thomas R.},
    number = {7414},
    month = {9},
    pages = {101--108},
    volume = {489},
    publisher = {Nature Publishing Group},
    url = {http://genome.crg.cat/encode_RNA_dashboard/},
    doi = {10.1038/nature11233},
    issn = {00280836},
    pmid = {22955620},
    keywords = {Transcription, Transcriptomics}
}

@article{Djebali2012a,
    title = {{Landscape of transcription in human cells}},
    year = {2012},
    journal = {Nature},
    author = {Djebali, Sarah and Davis, Carrie A. and Merkel, Angelika and Dobin, Alex and Lassmann, Timo and Mortazavi, Ali and Tanzer, Andrea and Lagarde, Julien and Lin, Wei and Schlesinger, Felix and Xue, Chenghai and Marinov, Georgi K. and Khatun, Jainab and Williams, Brian A. and Zaleski, Chris and Rozowsky, Joel and R{\"{o}}der, Maik and Kokocinski, Felix and Abdelhamid, Rehab F. and Alioto, Tyler and Antoshechkin, Igor and Baer, Michael T. and Bar, Nadav S. and Batut, Philippe and Bell, Kimberly and Bell, Ian and Chakrabortty, Sudipto and Chen, Xian and Chrast, Jacqueline and Curado, Joao and Derrien, Thomas and Drenkow, Jorg and Dumais, Erica and Dumais, Jacqueline and Duttagupta, Radha and Falconnet, Emilie and Fastuca, Meagan and Fejes-Toth, Kata and Ferreira, Pedro and Foissac, Sylvain and Fullwood, Melissa J. and Gao, Hui and Gonzalez, David and Gordon, Assaf and Gunawardena, Harsha and Howald, Cedric and Jha, Sonali and Johnson, Rory and Kapranov, Philipp and King, Brandon and Kingswood, Colin and Luo, Oscar J. and Park, Eddie and Persaud, Kimberly and Preall, Jonathan B. and Ribeca, Paolo and Risk, Brian and Robyr, Daniel and Sammeth, Michael and Schaffer, Lorian and See, Lei Hoon and Shahab, Atif and Skancke, Jorgen and Suzuki, Ana Maria and Takahashi, Hazuki and Tilgner, Hagen and Trout, Diane and Walters, Nathalie and Wang, Huaien and Wrobel, John and Yu, Yanbao and Ruan, Xiaoan and Hayashizaki, Yoshihide and Harrow, Jennifer and Gerstein, Mark and Hubbard, Tim and Reymond, Alexandre and Antonarakis, Stylianos E. and Hannon, Gregory and Giddings, Morgan C. and Ruan, Yijun and Wold, Barbara and Carninci, Piero and Guig, Roderic and Gingeras, Thomas R.},
    number = {7414},
    month = {9},
    pages = {101--108},
    volume = {489},
    doi = {10.1038/nature11233},
    issn = {00280836},
    pmid = {22955620}
}

@article{Djebali2012b,
    title = {{Landscape of transcription in human cells}},
    year = {2012},
    journal = {Nature},
    author = {Djebali, Sarah and Davis, Carrie A. and Merkel, Angelika and Dobin, Alex and Lassmann, Timo and Mortazavi, Ali and Tanzer, Andrea and Lagarde, Julien and Lin, Wei and Schlesinger, Felix and Xue, Chenghai and Marinov, Georgi K. and Khatun, Jainab and Williams, Brian A. and Zaleski, Chris and Rozowsky, Joel and R{\"{o}}der, Maik and Kokocinski, Felix and Abdelhamid, Rehab F. and Alioto, Tyler and Antoshechkin, Igor and Baer, Michael T. and Bar, Nadav S. and Batut, Philippe and Bell, Kimberly and Bell, Ian and Chakrabortty, Sudipto and Chen, Xian and Chrast, Jacqueline and Curado, Joao and Derrien, Thomas and Drenkow, Jorg and Dumais, Erica and Dumais, Jacqueline and Duttagupta, Radha and Falconnet, Emilie and Fastuca, Meagan and Fejes-Toth, Kata and Ferreira, Pedro and Foissac, Sylvain and Fullwood, Melissa J. and Gao, Hui and Gonzalez, David and Gordon, Assaf and Gunawardena, Harsha and Howald, Cedric and Jha, Sonali and Johnson, Rory and Kapranov, Philipp and King, Brandon and Kingswood, Colin and Luo, Oscar J. and Park, Eddie and Persaud, Kimberly and Preall, Jonathan B. and Ribeca, Paolo and Risk, Brian and Robyr, Daniel and Sammeth, Michael and Schaffer, Lorian and See, Lei Hoon and Shahab, Atif and Skancke, Jorgen and Suzuki, Ana Maria and Takahashi, Hazuki and Tilgner, Hagen and Trout, Diane and Walters, Nathalie and Wang, Huaien and Wrobel, John and Yu, Yanbao and Ruan, Xiaoan and Hayashizaki, Yoshihide and Harrow, Jennifer and Gerstein, Mark and Hubbard, Tim and Reymond, Alexandre and Antonarakis, Stylianos E. and Hannon, Gregory and Giddings, Morgan C. and Ruan, Yijun and Wold, Barbara and Carninci, Piero and Guig, Roderic and Gingeras, Thomas R.},
    number = {7414},
    month = {9},
    pages = {101--108},
    volume = {489},
    doi = {10.1038/nature11233},
    issn = {00280836},
    pmid = {22955620}
}

@article{Lan2020,
    title = {{LDICDL: LncRNA-disease association identification based on Collaborative Deep Learning}},
    year = {2020},
    journal = {IEEE/ACM Transactions on Computational Biology and Bioinformatics},
    author = {Lan, Wei and Lai, Dehuan and Chen, Qingfeng and Wu, Ximin and Chen, Baoshan and Liu, Jin and Wang, Jianxin and Chen, Yi-Ping Phoebe},
    number = {8},
    pages = {1--1},
    volume = {14},
    doi = {10.1109/tcbb.2020.3034910},
    issn = {1545-5963}
}

@article{Yi2020,
    title = {{Learning distributed representations of RNA and protein sequences and its application for predicting lncRNA-protein interactions}},
    year = {2020},
    journal = {Computational and Structural Biotechnology Journal},
    author = {Yi, Hai Cheng and You, Zhu Hong and Cheng, Li and Zhou, Xi and Jiang, Tong Hai and Li, Xiao and Wang, Yan Bin},
    month = {1},
    pages = {20--26},
    volume = {18},
    publisher = {Elsevier B.V.},
    doi = {10.1016/j.csbj.2019.11.004},
    issn = {20010370},
    keywords = {Distribution representation, Natural language processing, RNA-protein interaction, Word2vec}
}

@article{Yi2020a,
    title = {{Learning distributed representations of RNA and protein sequences and its application for predicting lncRNA-protein interactions}},
    year = {2020},
    journal = {Computational and Structural Biotechnology Journal},
    author = {Yi, Hai Cheng and You, Zhu Hong and Cheng, Li and Zhou, Xi and Jiang, Tong Hai and Li, Xiao and Wang, Yan Bin},
    month = {1},
    pages = {20--26},
    volume = {18},
    publisher = {Elsevier B.V.},
    doi = {10.1016/j.csbj.2019.11.004},
    issn = {20010370},
    keywords = {Distribution representation, Natural language processing, RNA-protein interaction, Word2vec}
}

@article{Yi2020e,
    title = {{Learning distributed representations of RNA and protein sequences and its application for predicting lncRNA-protein interactions}},
    year = {2020},
    journal = {Computational and Structural Biotechnology Journal},
    author = {Yi, Hai Cheng and You, Zhu Hong and Cheng, Li and Zhou, Xi and Jiang, Tong Hai and Li, Xiao and Wang, Yan Bin},
    month = {1},
    pages = {20--26},
    volume = {18},
    publisher = {Elsevier B.V.},
    doi = {10.1016/j.csbj.2019.11.004},
    issn = {20010370},
    keywords = {Distribution representation, Natural language processing, RNA-protein interaction, Word2vec}
}

@article{Yi2020d,
    title = {{Learning distributed representations of RNA and protein sequences and its application for predicting lncRNA-protein interactions}},
    year = {2020},
    journal = {Computational and Structural Biotechnology Journal},
    author = {Yi, Hai Cheng and You, Zhu Hong and Cheng, Li and Zhou, Xi and Jiang, Tong Hai and Li, Xiao and Wang, Yan Bin},
    month = {1},
    pages = {20--26},
    volume = {18},
    publisher = {Elsevier B.V.},
    doi = {10.1016/j.csbj.2019.11.004},
    issn = {20010370},
    keywords = {Distribution representation, Natural language processing, RNA-protein interaction, Word2vec}
}

@article{Yi2020c,
    title = {{Learning Representations to Predict Intermolecular Interactions on Large-Scale Heterogeneous Molecular Association Network}},
    year = {2020},
    journal = {iScience},
    author = {Yi, Hai Cheng and You, Zhu Hong and Huang, De Shuang and Guo, Zhen Hao and Chan, Keith C.C. and Li, Yangming},
    number = {7},
    volume = {23},
    doi = {10.1016/j.isci.2020.101261},
    issn = {25890042},
    keywords = {Biocomputational Method, Bioinformatics, Computational Bioinformatics}
}

@article{Wang2019,
    title = {{LMTRDA: Using logistic model tree to predict MiRNA-disease associations by fusing multi-source information of sequences and similarities}},
    year = {2019},
    journal = {PLOS Computational Biology},
    author = {Wang, Lei and You, Zhu-Hong and Chen, Xing and Li, Yang-Ming and Dong, Ya-Nan and Li, Li-Ping and Zheng, Kai},
    editor = {Ioshikhes, Ilya},
    number = {3},
    month = {3},
    pages = {e1006865},
    volume = {15},
    url = {https://dx.plos.org/10.1371/journal.pcbi.1006865},
    doi = {10.1371/journal.pcbi.1006865},
    issn = {1553-7358},
    pmid = {30917115}
}

@article{Li2021,
    title = {{LncExpDB: An expression database of human long non-coding RNAs}},
    year = {2021},
    journal = {Nucleic Acids Research},
    author = {Li, Zhao and Liu, Lin and Jiang, Shuai and Li, Qianpeng and Feng, Changrui and Du, Qiang and Zou, Dong and Xiao, Jingfa and Zhang, Zhang and Ma, Lina},
    number = {D1},
    month = {1},
    pages = {D962-D968},
    volume = {49},
    publisher = {Oxford University Press},
    url = {https://www.ebi.ac.uk/arrayexpress/},
    doi = {10.1093/nar/gkaa850},
    issn = {13624962},
    pmid = {33045751},
    keywords = {genes, genetic, messenger, rna, transcription}
}

@article{Volders2019,
    title = {{Lncipedia 5: Towards a reference set of human long non-coding rnas}},
    year = {2019},
    journal = {Nucleic Acids Research},
    author = {Volders, Pieter Jan and Anckaert, Jasper and Verheggen, Kenneth and Nuytens, Justine and Martens, Lennart and Mestdagh, Pieter and Vandesompele, Jo},
    number = {D1},
    month = {1},
    pages = {D135-D139},
    volume = {47},
    publisher = {Oxford University Press},
    url = {https://lncipedia.org},
    doi = {10.1093/nar/gky1031},
    issn = {13624962},
    pmid = {30371849},
    keywords = {genes, rna, symbols}
}

@inproceedings{Yuan2020,
    title = {{LncRNA-Disease Association Prediction Based on Graph Neural Networks and Inductive Matrix Completion}},
    year = {2020},
    booktitle = {Lecture Notes in Computer Science (including subseries Lecture Notes in Artificial Intelligence and Lecture Notes in Bioinformatics)},
    author = {Yuan, Lin and Zhao, Jing and Sun, Tao and Jiang, Xue Song and Yang, Zhen Yu and Wang, Xin Gang and Geng, Yu Shui},
    pages = {262--269},
    volume = {12464 LNCS},
    publisher = {Springer Science and Business Media Deutschland GmbH},
    isbn = {9783030608019},
    doi = {10.1007/978-3-030-60802-6{\_}23},
    issn = {16113349},
    keywords = {Deep learning, Disease-lncRNA association, Graph neural network, Inductive matrix completion, Non-convex penalty function}
}

@inproceedings{Zhou2019,
    title = {{LncRNA-miRNA interaction prediction from the heterogeneous network through graph embedding ensemble learning}},
    year = {2019},
    booktitle = {Proceedings - 2019 IEEE International Conference on Bioinformatics and Biomedicine, BIBM 2019},
    author = {Zhou, Shuang and Yue, Xiang and Xu, Xinran and Liu, Shichao and Zhang, Wen and Niu, Yanqing},
    pages = {622--627},
    isbn = {9781728118673},
    doi = {10.1109/BIBM47256.2019.8983044},
    keywords = {ensemble learning, graph embedding, heterogeneous network, lncRNA-miRNA interactions}
}

@article{Engreitz2016,
    title = {{Local regulation of gene expression by lncRNA promoters, transcription and splicing}},
    year = {2016},
    journal = {Nature},
    author = {Engreitz, Jesse M. and Haines, Jenna E. and Perez, Elizabeth M. and Munson, Glen and Chen, Jenny and Kane, Michael and McDonel, Patrick E. and Guttman, Mitchell and Lander, Eric S.},
    number = {7629},
    pages = {452--455},
    volume = {539},
    doi = {10.1038/nature20149},
    issn = {14764687},
    pmid = {27783602}
}

@article{Engreitz2016a,
    title = {{Local regulation of gene expression by lncRNA promoters, transcription and splicing}},
    year = {2016},
    journal = {Nature},
    author = {Engreitz, Jesse M. and Haines, Jenna E. and Perez, Elizabeth M. and Munson, Glen and Chen, Jenny and Kane, Michael and McDonel, Patrick E. and Guttman, Mitchell and Lander, Eric S.},
    number = {7629},
    pages = {452--455},
    volume = {539},
    publisher = {Nature Publishing Group},
    doi = {10.1038/nature20149},
    issn = {14764687},
    pmid = {27783602}
}

@article{Engreitz2016b,
    title = {{Local regulation of gene expression by lncRNA promoters, transcription and splicing}},
    year = {2016},
    journal = {Nature},
    author = {Engreitz, Jesse M and Haines, Jenna E and Perez, Elizabeth M and Munson, Glen and Chen, Jenny and Kane, Michael and McDonel, Patrick E and Guttman, Mitchell and Lander, Eric S},
    number = {7629},
    pages = {452--455},
    volume = {539},
    doi = {10.1038/nature20149},
    issn = {14764687},
    pmid = {27783602}
}

@misc{Wapinski2011,
    title = {{Long noncoding RNAs and human disease}},
    year = {2011},
    booktitle = {Trends in Cell Biology},
    author = {Wapinski, Orly and Chang, Howard Y.},
    number = {6},
    pages = {354--361},
    volume = {21},
    doi = {10.1016/j.tcb.2011.04.001},
    issn = {09628924},
    pmid = {21550244}
}

@misc{Schmitt2016,
    title = {{Long Noncoding RNAs in Cancer Pathways}},
    year = {2016},
    booktitle = {Cancer Cell},
    author = {Schmitt, Adam M. and Chang, Howard Y.},
    number = {4},
    pages = {452--463},
    volume = {29},
    doi = {10.1016/j.ccell.2016.03.010},
    issn = {18783686},
    pmid = {27070700}
}

@article{Zhang2020,
    title = {{LPI-CNNCP: Prediction of lncRNA-protein interactions by using convolutional neural network with the copy-padding trick}},
    year = {2020},
    journal = {Analytical Biochemistry},
    author = {Zhang, Shao Wu and Zhang, Xi Xi and Fan, Xiao Nan and Li, Wei Na},
    month = {7},
    pages = {113767},
    volume = {601},
    publisher = {Academic Press Inc.},
    doi = {10.1016/j.ab.2020.113767},
    issn = {10960309},
    pmid = {32454029},
    keywords = {Convolutional neural network, Copy-padding trick, High-order one-hot encoding, lncRNA-protein interactions}
}

@article{Zhang2020b,
    title = {{LPI-CNNCP: Prediction of lncRNA-protein interactions by using convolutional neural network with the copy-padding trick}},
    year = {2020},
    journal = {Analytical Biochemistry},
    author = {Zhang, Shao Wu and Zhang, Xi Xi and Fan, Xiao Nan and Li, Wei Na},
    month = {7},
    pages = {113767},
    volume = {601},
    publisher = {Academic Press Inc.},
    doi = {10.1016/j.ab.2020.113767},
    issn = {10960309},
    pmid = {32454029},
    keywords = {Convolutional neural network, Copy-padding trick, High-order one-hot encoding, lncRNA-protein interactions}
}

@article{Xu2020bb,
    title = {{LRMCMDA: Predicting miRNA-Disease Association by Integrating Low-Rank Matrix Completion with miRNA and Disease Similarity Information}},
    year = {2020},
    journal = {IEEE Access},
    author = {Xu, Junlin and Zhu, Wen and Cai, Lijun and Liao, Bo and Meng, Yajie and Xiang, Ju and Yuan, Dawei and Tian, Geng and Yang, Jialiang},
    pages = {80728--80738},
    volume = {8},
    doi = {10.1109/ACCESS.2020.2990533},
    issn = {21693536},
    keywords = {area under curve (AUC), area under the precise recall curve (AUPR), low-rank matrix completion, miRNA-disease association, receiver operating characteristic curve (ROC)}
}

@article{Bagherian2020,
    title = {{Machine learning approaches and databases for prediction of drug–target interaction: a survey paper}},
    year = {2020},
    journal = {Briefings in Bioinformatics},
    author = {Bagherian, Maryam and Sabeti, Elyas and Wang, Kai and Sartor, Maureen A and Nikolovska-Coleska, Zaneta and Najarian, Kayvan},
    month = {1},
    publisher = {Oxford University Press (OUP)},
    doi = {10.1093/bib/bbz157},
    issn = {1467-5463}
}

@article{Katoh2013,
    title = {{MAFFT multiple sequence alignment software version 7: Improvements in performance and usability}},
    year = {2013},
    journal = {Molecular Biology and Evolution},
    author = {Katoh, Kazutaka and Standley, Daron M.},
    number = {4},
    pages = {772--780},
    volume = {30},
    doi = {10.1093/molbev/mst010},
    issn = {07374038},
    pmid = {23329690},
    keywords = {metagemone, multiple sequence alignment, parallel processing, progressive alignment, protein structure}
}

@article{Hastie2015,
    title = {{Matrix completion and low-rank SVD via fast alternating least squares}},
    year = {2015},
    journal = {Journal of Machine Learning Research},
    author = {Hastie, Trevor and Mazumder, Rahul and Lee, Jason D. and Zadeh, Reza},
    pages = {3367--3402},
    volume = {16},
    issn = {15337928},
    arxivId = {1410.2596},
    keywords = {Alternating least squares, Matrix completion, Nuclear norm, SVD}
}

@article{Jiang2018,
    title = {{MDA-SKF: Similarity Kernel Fusion for Accurately Discovering miRNA-Disease Association}},
    year = {2018},
    journal = {Frontiers in Genetics},
    author = {Jiang, Limin and Ding, Yijie and Tang, Jijun and Guo, Fei},
    number = {December},
    pages = {1--13},
    volume = {9},
    doi = {10.3389/fgene.2018.00618},
    issn = {1664-8021}
}

@article{Bose2019,
    title = {{Meta-graph: Few shot link prediction via meta learning}},
    year = {2019},
    journal = {arXiv},
    author = {Bose, Avishek Joey and Jain, Ankit and Molino, Piero and Hamilton, William L.},
    pages = {1--15},
    arxivId = {1912.09867}
}

@article{Chen2018,
    title = {{MicroRNA-small molecule association identification : from experimental results to computational models}},
    year = {2018},
    author = {Chen, Xing and Guan, Na-na and Sun, Ya-zhou and Li, Jian-qiang and Qu, Jia},
    pages = {1--15},
    volume = {00},
    doi = {10.1093/bib/bby098}
}

@article{Chen2019b,
    title = {{MicroRNAs and complex diseases: From experimental results to computational models}},
    year = {2019},
    journal = {Briefings in Bioinformatics},
    author = {Chen, Xing and Xie, Di and Zhao, Qi and You, Zhu Hong},
    number = {2},
    pages = {515--539},
    volume = {20},
    doi = {10.1093/bib/bbx130},
    issn = {14774054},
    pmid = {29045685},
    keywords = {biological network, complex disease, computational model, machine learning, microRNA, microRNA-disease association prediction}
}

@article{Deng2015,
    title = {{Mining the bladder cancer-associated genes by an integrated strategy for the construction and analysis of differential co-expression networks}},
    year = {2015},
    journal = {BMC Genomics},
    author = {Deng, Su Ping and Zhu, Lin and Huang, De Shuang},
    number = {3},
    volume = {16},
    doi = {10.1186/1471-2164-16-S3-S4},
    issn = {14712164},
    pmid = {25707808}
}

@article{Dezhong2015,
    title = {{MiR-150 is a factor of survival in prostate cancer patients}},
    year = {2015},
    journal = {Journal of B.U.ON.},
    author = {Dezhong, Liu and Xiaoyi, Zhang and Xianlian, Long and Hongyan, Zhang and Guohua, Zhao and Bo, Sun and Shenglei, Zou and Lian, Zou},
    number = {1},
    pages = {173--179},
    volume = {20},
    issn = {11070625},
    pmid = {25778313},
    keywords = {Biomarker, MiR-150, Prognosis, Prostate cancer}
}

@article{Tan2018,
    title = {{MiR-150-3p targets SP1 and suppresses the growth of glioma cells}},
    year = {2018},
    journal = {Bioscience Reports},
    author = {Tan, Zhigang and Jia, Jiaoying and Jiang, Yugang},
    number = {3},
    volume = {38},
    doi = {10.1042/BSR20180019},
    issn = {15734935},
    pmid = {29654167}
}

@article{Yang2019a,
    title = {{MiR-150-5p regulates melanoma proliferation, invasion and metastasis via SIX1-mediated Warburg Effect}},
    year = {2019},
    journal = {Biochemical and Biophysical Research Communications},
    author = {Yang, Xuhui and Zhao, Hui and Yang, Jing and Ma, Yongfu and Liu, Zihao and Li, Chenxi and Wang, Tao and Yan, Zhifeng and Du, Nan},
    number = {1},
    pages = {85--91},
    volume = {515},
    doi = {10.1016/j.bbrc.2019.05.111},
    issn = {10902104},
    pmid = {31128917},
    keywords = {Glycolysis, Melanoma, Metabolism, SIX1, miR-150-5p}
}

@article{Griffiths-Jones2008,
    title = {{miRBase: Tools for microRNA genomics}},
    year = {2008},
    journal = {Nucleic Acids Research},
    author = {Griffiths-Jones, Sam and Saini, Harpreet Kaur and Van Dongen, Stijn and Enright, Anton J.},
    number = {SUPPL. 1},
    volume = {36},
    doi = {10.1093/nar/gkm952},
    issn = {03051048},
    pmid = {17991681}
}

@article{Shen2017,
    title = {{MiRNA-disease association prediction with collaborative matrix factorization}},
    year = {2017},
    journal = {Complexity},
    author = {Shen, Zhen and Zhang, You Hua and Han, Kyungsook and Nandi, Asoke K. and Honig, Barry and Huang, De Shuang},
    volume = {2017},
    doi = {10.1155/2017/2498957},
    issn = {10990526}
}

@article{Ma2019,
    title = {{MiRNA-disease interaction prediction based on kernel neighborhood similarity and multi-network bidirectional propagation}},
    year = {2019},
    journal = {BMC Medical Genomics},
    author = {Ma, Yingjun and He, Tingting and Ge, Leixin and Zhang, Chenhao and Jiang, Xingpeng},
    number = {Suppl 10},
    pages = {1--14},
    volume = {12},
    publisher = {BMC Medical Genomics},
    url = {http://dx.doi.org/10.1186/s12920-019-0622-4},
    isbn = {1292001906224},
    doi = {10.1186/s12920-019-0622-4},
    issn = {17558794},
    pmid = {31865912},
    keywords = {Bidirectional propagation, Diffusion component analysis, Heterogeneous omics data, Kernel neighborhood similarity, MicroRNA-disease interaction}
}

@inproceedings{Zitnik2018,
    title = {{Modeling polypharmacy side effects with graph convolutional networks}},
    year = {2018},
    booktitle = {Bioinformatics},
    author = {Zitnik, Marinka and Agrawal, Monica and Leskovec, Jure},
    number = {13},
    pages = {i457-i466},
    volume = {34},
    doi = {10.1093/bioinformatics/bty294},
    issn = {14602059},
    pmid = {29949996},
    arxivId = {1802.00543}
}

@inproceedings{Zitnik2018a,
    title = {{Modeling polypharmacy side effects with graph convolutional networks}},
    year = {2018},
    booktitle = {Bioinformatics},
    author = {Zitnik, Marinka and Agrawal, Monica and Leskovec, Jure},
    number = {13},
    month = {7},
    pages = {i457-i466},
    volume = {34},
    publisher = {Oxford University Press},
    url = {https://academic.oup.com/bioinformatics/article/34/13/i457/5045770},
    doi = {10.1093/bioinformatics/bty294},
    issn = {14602059},
    pmid = {29949996},
    arxivId = {1802.00543}
}

@inproceedings{Zitnik2018b,
    title = {{Modeling polypharmacy side effects with graph convolutional networks}},
    year = {2018},
    booktitle = {Bioinformatics},
    author = {Zitnik, Marinka and Agrawal, Monica and Leskovec, Jure},
    number = {13},
    month = {7},
    pages = {i457-i466},
    volume = {34},
    publisher = {Oxford University Press},
    doi = {10.1093/bioinformatics/bty294},
    issn = {14602059},
    pmid = {29949996},
    arxivId = {1802.00543}
}

@article{Calligari2020,
    title = {{Molecular investigation of SARS–COV-2 proteins and their interactions with antiviral drugs}},
    year = {2020},
    journal = {Viruses},
    author = {Calligari, Paolo and Bobone, Sara and Ricci, Giorgio and Bocedi, Alessio},
    number = {4},
    volume = {12},
    doi = {10.3390/v12040445},
    issn = {19994915},
    pmid = {32295237},
    keywords = {Antiviral drug, COVID-19, Coronavirus, Molecular docking, Molecular modeling, RNA-dependent RNA-polymerase, SARS–CoV-2, Spike protein, Viral protease, Viral protein N}
}

@misc{Wang2011,
    title = {{Molecular Mechanisms of Long Noncoding RNAs}},
    year = {2011},
    booktitle = {Molecular Cell},
    author = {Wang, Kevin C. and Chang, Howard Y.},
    number = {6},
    pages = {904--914},
    volume = {43},
    doi = {10.1016/j.molcel.2011.08.018},
    issn = {10972765},
    pmid = {21925379}
}

@article{Chen2021b,
    title = {{MUFFIN: Multi-Scale Feature Fusion for Drug–Drug Interaction Prediction}},
    year = {2021},
    journal = {Bioinformatics},
    author = {Chen, Yujie and Ma, Tengfei and Yang, Xixi and Wang, Jianmin and Song, Bosheng and Zeng, Xiangxiang},
    pages = {1--8},
    doi = {10.1093/bioinformatics/btab169},
    issn = {1367-4803}
}

@article{Yip2009,
    title = {{Multi-level learning: Improving the prediction of protein, domain and residue interactions by allowing information flow between levels}},
    year = {2009},
    journal = {BMC Bioinformatics},
    author = {Yip, Kevin Y. and Kim, Philip M. and McDermott, Drew and Gerstein, Mark},
    doi = {10.1186/1471-2105-10-241},
    issn = {14712105},
    pmid = {19656385}
}

@article{Shen2019,
    title = {{Multivariate information fusion with fast kernel learning to Kernel Ridge Regression in predicting lncRNA-protein interactions}},
    year = {2019},
    journal = {Frontiers in Genetics},
    author = {Shen, Cong and Ding, Yijie and Tang, Jijun and Guo, Fei},
    number = {JAN},
    month = {1},
    pages = {716},
    volume = {10},
    publisher = {Frontiers Media S.A.},
    url = {https://www.frontiersin.org/article/10.3389/fgene.2018.00716/full},
    doi = {10.3389/fgene.2018.00716},
    issn = {16648021},
    keywords = {Fast kernel learning, Gene ontology, Kernel ridge regression, LncRNA-protein interactions, Multiple kernel learning}
}

@article{Peng2017,
    title = {{NARRMDA: Negative-aware and rating-based recommendation algorithm for miRNA-disease association prediction}},
    year = {2017},
    journal = {Molecular BioSystems},
    author = {Peng, Lihong and Chen, Yeqing and Ma, Ning and Chen, Xing},
    number = {12},
    pages = {2650--2659},
    volume = {13},
    doi = {10.1039/c7mb00499k},
    issn = {17422051}
}

@article{DeDomenico2014,
    title = {{Navigability of interconnected networks under random failures}},
    year = {2014},
    journal = {Proceedings of the National Academy of Sciences of the United States of America},
    author = {De Domenico, Manlio and Sol{\'{e}}-Ribalta, Albert and G{\'{o}}mez, Sergio and Arenas, Alex},
    number = {23},
    pages = {8351--8356},
    volume = {111},
    doi = {10.1073/pnas.1318469111},
    issn = {10916490},
    pmid = {24912174}
}

@article{Chen2021a,
    title = {{NCMCMDA: miRNA-disease association prediction through neighborhood constraint matrix completion}},
    year = {2021},
    journal = {Briefings in bioinformatics},
    author = {Chen, Xing and Sun, Lian Gang and Zhao, Yan},
    number = {1},
    month = {1},
    pages = {485--496},
    volume = {22},
    publisher = {NLM (Medline)},
    url = {https://pubmed.ncbi.nlm.nih.gov/31927572/},
    doi = {10.1093/bib/bbz159},
    issn = {14774054},
    pmid = {31927572},
    keywords = {association prediction, disease, fast iterative shrinkage-thresholding algorithm, matrix completion, microRNA, neighborhood constraint}
}

@article{Zhou2020,
    title = {{NEDD: A network embedding based method for predicting drug-disease associations}},
    year = {2020},
    journal = {BMC Bioinformatics},
    author = {Zhou, Renyi and Lu, Zhangli and Luo, Huimin and Xiang, Ju and Zeng, Min and Li, Min},
    number = {Suppl 13},
    pages = {1--12},
    volume = {21},
    publisher = {BMC Bioinformatics},
    url = {http://dx.doi.org/10.1186/s12859-020-03682-4},
    doi = {10.1186/s12859-020-03682-4},
    issn = {14712105},
    pmid = {32938396},
    keywords = {Drug repositioning, Heterogeneous network, Meta path, Network embedding}
}

@article{Kovacs2019,
    title = {{Network-based prediction of protein interactions}},
    year = {2019},
    journal = {Nature Communications},
    author = {Kov{\'{a}}cs, István A. and Luck, Katja and Spirohn, Kerstin and Wang, Yang and Pollis, Carl and Schlabach, Sadie and Bian, Wenting and Kim, Dae Kyum and Kishore, Nishka and Hao, Tong and Calderwood, Michael A. and Vidal, Marc and Barab{\'{a}}si, Albert László},
    number = {1},
    pages = {1--8},
    volume = {10},
    doi = {10.1038/s41467-019-09177-y},
    issn = {20411723},
    pmid = {30886144}
}

@article{Kovacs2019a,
    title = {{Network-based prediction of protein interactions}},
    year = {2019},
    journal = {Nature Communications},
    author = {Kov{\'{a}}cs, István A. and Luck, Katja and Spirohn, Kerstin and Wang, Yang and Pollis, Carl and Schlabach, Sadie and Bian, Wenting and Kim, Dae Kyum and Kishore, Nishka and Hao, Tong and Calderwood, Michael A. and Vidal, Marc and Barab{\'{a}}si, Albert László},
    number = {1},
    month = {12},
    pages = {1--8},
    volume = {10},
    publisher = {Nature Publishing Group},
    url = {https://doi.org/10.1038/s41467-019-09177-y},
    doi = {10.1038/s41467-019-09177-y},
    issn = {20411723},
    pmid = {30886144},
    keywords = {Complex networks, Protein, Systems analysis, protein interaction networks}
}

@article{Karimi2020a,
    title = {{Network-principled deep generative models for designing drug combinations as graph sets}},
    year = {2020},
    journal = {Bioinformatics (Oxford, England)},
    author = {Karimi, Mostafa and Hasanzadeh, Arman and Shen, Yang},
    number = {1},
    pages = {i445-i454},
    volume = {36},
    doi = {10.1093/bioinformatics/btaa317},
    issn = {13674811},
    pmid = {32657357},
    arxivId = {2004.07782}
}

@article{Li2020k,
    title = {{Neural inductive matrix completion with graph convolutional networks for miRNA-disease association prediction}},
    year = {2020},
    journal = {Bioinformatics},
    author = {Li, Jin and Zhang, Sai and Liu, Tao and Ning, Chenxi and Zhang, Zhuoxuan and Zhou, Wei},
    number = {8},
    month = {4},
    pages = {2538--2546},
    volume = {36},
    publisher = {Oxford University Press},
    doi = {10.1093/bioinformatics/btz965},
    issn = {14602059},
    pmid = {31904845}
}

@article{Chen2016,
    title = {{NLLSS: Predicting Synergistic Drug Combinations Based on Semi-supervised Learning}},
    year = {2016},
    journal = {PLoS Computational Biology},
    author = {Chen, Xing and Ren, Biao and Chen, Ming and Wang, Quanxin and Zhang, Lixin and Yan, Guiying},
    number = {7},
    month = {7},
    volume = {12},
    publisher = {Public Library of Science},
    doi = {10.1371/journal.pcbi.1004975},
    issn = {15537358},
    pmid = {27415801}
}

@article{Huang2013,
    title = {{Normalized feature vectors: A novel alignment-free sequence comparison method based on the numbers of adjacent amino acids}},
    year = {2013},
    journal = {IEEE/ACM Transactions on Computational Biology and Bioinformatics},
    author = {Huang, De Shuang and Yu, Hong Jie},
    number = {2},
    pages = {457--467},
    volume = {10},
    doi = {10.1109/TCBB.2013.10},
    issn = {15455963},
    pmid = {23929869},
    keywords = {Adjacent amino acids, Amino acids, Bioinformatics, Educational institutions, Feature extraction, Proteins, Vectors, alignment free, normalized feature vector, similarity analysis, singular value decomposition (SVD)}
}

@article{Yu2012,
    title = {{Novel graphical representation of genome sequence and its applications in similarity analysis}},
    year = {2012},
    journal = {Physica A: Statistical Mechanics and its Applications},
    author = {Yu, Hong Jie and Huang, De Shuang},
    number = {23},
    pages = {6128--6136},
    volume = {391},
    doi = {10.1016/j.physa.2012.07.020},
    issn = {03784371},
    keywords = {Genome sequence, Order-preserving, Similarity analysis, Singular value decomposition (SVD)}
}

@article{Chen2013,
    title = {{Novel human lncRNA-disease association inference based on lncRNA expression profiles}},
    year = {2013},
    journal = {Bioinformatics},
    author = {Chen, Xing and Yan, Gui Ying},
    number = {20},
    month = {10},
    pages = {2617--2624},
    volume = {29},
    publisher = {Oxford Academic},
    url = {https://academic.oup.com/bioinformatics/article-lookup/doi/10.1093/bioinformatics/btt426},
    doi = {10.1093/bioinformatics/btt426},
    issn = {13674803},
    pmid = {24002109}
}

@article{Bao2017,
    title = {{Novel human microbe-disease association prediction using network consistency projection}},
    year = {2017},
    journal = {BMC Bioinformatics},
    author = {Bao, Wenzheng and Jiang, Zhichao and Huang, De Shuang},
    volume = {18},
    doi = {10.1186/s12859-017-1968-2},
    issn = {14712105},
    pmid = {29297304},
    keywords = {Association prediction, Disease, Microbe, Network consistency projection}
}

@article{Luo2020,
    title = {{NTSHMDA: Prediction of Human Microbe-Disease Association Based on Random Walk by Integrating Network Topological Similarity}},
    year = {2020},
    journal = {IEEE/ACM Transactions on Computational Biology and Bioinformatics},
    author = {Luo, Jiawei and Long, Yahui},
    number = {4},
    month = {7},
    pages = {1341--1351},
    volume = {17},
    publisher = {Institute of Electrical and Electronics Engineers Inc.},
    doi = {10.1109/TCBB.2018.2883041},
    issn = {15579964},
    pmid = {30489271},
    keywords = {Microbe, association prediction, disease, network topological similarity, random walk}
}

@article{Geleris2020,
    title = {{Observational Study of Hydroxychloroquine in Hospitalized Patients with Covid-19}},
    year = {2020},
    journal = {New England Journal of Medicine},
    author = {Geleris, Joshua and Sun, Yifei and Platt, Jonathan and Zucker, Jason and Baldwin, Matthew and Hripcsak, George and Labella, Angelena and Manson, Daniel K. and Kubin, Christine and Barr, R. Graham and Sobieszczyk, Magdalena E. and Schluger, Neil W.},
    number = {25},
    pages = {2411--2418},
    volume = {382},
    doi = {10.1056/nejmoa2012410},
    issn = {0028-4793},
    pmid = {32379955}
}

@article{Guo2021,
    title = {{Optimized Graph Convolution Recurrent Neural Network for Traffic Prediction}},
    year = {2021},
    journal = {IEEE Transactions on Intelligent Transportation Systems},
    author = {Guo, Kan and Hu, Yongli and Qian, Zhen and Liu, Hao and Zhang, Ke and Sun, Yanfeng and Gao, Junbin and Yin, Baocai},
    number = {2},
    month = {2},
    pages = {1138--1149},
    volume = {22},
    publisher = {Institute of Electrical and Electronics Engineers Inc.},
    doi = {10.1109/TITS.2019.2963722},
    issn = {15580016},
    keywords = {Graph convolution network, recurrent neural network, traffic prediction}
}

@article{Long2020,
    title = {{OUP accepted manuscript}},
    year = {2020},
    journal = {Bioinformatics},
    author = {Long, Yahui and Wu, Min and Li, Xiaoli},
    number = {26},
    volume = {36},
    doi = {10.1093/bioinformatics/btaa891},
    issn = {1367-4803}
}

@misc{Sanders2020,
    title = {{Pharmacologic Treatments for Coronavirus Disease 2019 (COVID-19): A Review}},
    year = {2020},
    booktitle = {JAMA - Journal of the American Medical Association},
    author = {Sanders, James M. and Monogue, Marguerite L. and Jodlowski, Tomasz Z. and Cutrell, James B.},
    doi = {10.1001/jama.2020.6019},
    issn = {15383598},
    pmid = {32282022}
}

@misc{Illian2021,
    title = {{Potential compounds from several Indonesian plants to prevent SARS-CoV-2 infection: A mini-review of SARS-CoV-2 therapeutic targets}},
    year = {2021},
    booktitle = {Heliyon},
    author = {Illian, Didi Nurhadi and Siregar, Etti Sartina and Sumaiyah, Sumaiyah and Utomo, Ahmad Rusdan and Nuryawan, Arif and Basyuni, Mohammad},
    number = {1},
    volume = {7},
    doi = {10.1016/j.heliyon.2021.e06001},
    issn = {24058440},
    keywords = {COVID-19, Emodin, Luteolin, Mangroves, SARS-CoV-2, Therapeutic target}
}

@misc{Martins-Filho2020,
    title = {{Potential role for nitazoxanide in treating SARS-CoV-2 infection}},
    year = {2020},
    booktitle = {American Journal of Physiology - Lung Cellular and Molecular Physiology},
    author = {Martins-Filho, Paulo Ricardo and Barreto-Alves, José Antônio and Fakhouri, Ricardo},
    number = {1},
    month = {7},
    pages = {L35-L36},
    volume = {319},
    publisher = {American Physiological Society},
    doi = {10.1152/ajplung.00170.2020},
    issn = {15221504},
    pmid = {33496642}
}

@article{Halder,
    title = {{Predicted antiviral drugs Darunavir , Indinavir and Rimantadine can potentially bind to neutralize COVID- 19 conserved proteins CURRENT STATUS : UNDER REVIEW}},
    author = {Halder, Umesh Chandra},
    pages = {1--21},
    doi = {10.21203/rs.3.rs-22247/v1}
}

@article{Oti2006,
    title = {{Predicting disease genes using protein-protein interactions}},
    year = {2006},
    journal = {Journal of Medical Genetics},
    author = {Oti, M. and Snel, B. and Huynen, M. A. and Brunner, Han G.},
    number = {8},
    pages = {691--698},
    volume = {43},
    doi = {10.1136/jmg.2006.041376},
    issn = {00222593},
    pmid = {16611749}
}

@misc{Zeng2019,
    title = {{Predicting disease-associated circular RNAs using deep forests combined with positive-unlabeled learning methods}},
    year = {2019},
    booktitle = {Briefings in Bioinformatics},
    author = {Zeng, Xiangxiang and Zhong, Yue and Lin, Wei and Zou, Quan},
    number = {4},
    pages = {1425--1436},
    volume = {21},
    doi = {10.1093/bib/bbz080},
    issn = {14774054},
    pmid = {31612203},
    keywords = {Biological networks, Circular RNAs, Deep forests, Disease, Positive-unlabeled learning, Topological features}
}

@article{Zhang2018b,
    title = {{Predicting drug-disease associations and their therapeutic function based on the drug-disease association bipartite network}},
    year = {2018},
    journal = {Methods},
    author = {Zhang, Wen and Yue, Xiang and Huang, Feng and Liu, Ruoqi and Chen, Yanlin and Ruan, Chunyang},
    number = {June},
    pages = {51--59},
    volume = {145},
    publisher = {Elsevier},
    doi = {10.1016/j.ymeth.2018.06.001},
    issn = {10959130}
}

@inproceedings{Long2020b,
    title = {{Predicting Drugs for COVID-19/SARS-CoV-2 via Heterogeneous Graph Attention Networks}},
    year = {2020},
    booktitle = {Proceedings - 2020 IEEE International Conference on Bioinformatics and Biomedicine, BIBM 2020},
    author = {Long, Yahui and Zhang, Yu and Wu, Min and Peng, Shaoliang and Kwoh, Chee Keong and Luo, Jiawei and Li, Xiaoli},
    pages = {455--459},
    isbn = {9781728162157},
    doi = {10.1109/BIBM49941.2020.9313472},
    keywords = {Association prediction, COVID-19, Drug, Heterogeneous graph attention networks}
}

@article{Yu2020c,
    title = {{Predicting drug–disease associations through layer attention graph convolutional network}},
    year = {2020},
    journal = {Briefings in Bioinformatics},
    author = {Yu, Zhouxin and Huang, Feng and Zhao, Xiaohan and Xiao, Wenjie and Zhang, Wen},
    number = {00},
    month = {10},
    pages = {1--11},
    volume = {2020},
    publisher = {Oxford University Press (OUP)},
    url = {https://academic.oup.com/bib/advance-article/doi/10.1093/bib/bbaa243/5918381},
    doi = {10.1093/bib/bbaa243},
    issn = {1467-5463},
    keywords = {()}
}

@article{Yu2020d,
    title = {{Predicting drug–disease associations through layer attention graph convolutional network}},
    year = {2020},
    journal = {Briefings in Bioinformatics},
    author = {Yu, Zhouxin and Huang, Feng and Zhao, Xiaohan and Xiao, Wenjie and Zhang, Wen},
    number = {00},
    month = {10},
    pages = {1--11},
    volume = {2020},
    publisher = {Oxford University Press (OUP)},
    url = {https://academic.oup.com/bib/advance-article/doi/10.1093/bib/bbaa243/5918381},
    doi = {10.1093/bib/bbaa243},
    issn = {1467-5463},
    keywords = {()}
}

@article{Deng2016,
    title = {{Predicting Hub Genes Associated with Cervical Cancer through Gene Co-Expression Networks}},
    year = {2016},
    journal = {IEEE/ACM Transactions on Computational Biology and Bioinformatics},
    author = {Deng, Su Ping and Zhu, Lin and Huang, De Shuang},
    number = {1},
    pages = {27--35},
    volume = {13},
    doi = {10.1109/TCBB.2015.2476790},
    issn = {15455963},
    pmid = {26415208},
    keywords = {cervical cancer, co-expression network, differentially expressed genes, hub genes}
}

@article{Long2020d,
    title = {{Predicting human microbe-drug associations via graph convolutional network with conditional random field}},
    year = {2020},
    journal = {Bioinformatics},
    author = {Long, Yahui and Wu, Min and Kwoh, Chee Keong and Luo, Jiawei and Li, Xiaoli},
    number = {19},
    pages = {4918--4927},
    volume = {36},
    doi = {10.1093/bioinformatics/btaa598},
    issn = {14602059},
    pmid = {32597948}
}

@article{Long2020a,
    title = {{Predicting human microbe–disease associations via graph attention networks with inductive matrix completion}},
    year = {2020},
    journal = {Briefings in Bioinformatics},
    author = {Long, Yahui and Luo, Jiawei and Zhang, Yu and Xia, Yan},
    number = {0},
    month = {7},
    pages = {1--13},
    volume = {2020},
    publisher = {Oxford University Press (OUP)},
    url = {https://academic.oup.com/bib/advance-article/doi/10.1093/bib/bbaa146/5876591},
    doi = {10.1093/bib/bbaa146},
    issn = {1467-5463}
}

@article{Zhang2021,
    title = {{Predicting lncRNA–miRNA interactions based on interactome network and graphlet interaction}},
    year = {2021},
    journal = {Genomics},
    author = {Zhang, Li and Liu, Ting and Chen, Haoyu and Zhao, Qi and Liu, Hongsheng},
    number = {3},
    month = {5},
    pages = {874--880},
    volume = {113},
    publisher = {Academic Press Inc.},
    doi = {10.1016/j.ygeno.2021.02.002},
    issn = {10898646},
    pmid = {33588070},
    keywords = {Graphlet interaction, Interaction prediction, Interactome network, lncRNA, miRNA}
}

@article{Liu2020a,
    title = {{Predicting lncRNA–miRNA interactions based on logistic matrix factorization with neighborhood regularized}},
    year = {2020},
    journal = {Knowledge-Based Systems},
    author = {Liu, Hongsheng and Ren, Guofei and Chen, Haoyu and Liu, Qi and Yang, Yingjuan and Zhao, Qi},
    volume = {191},
    doi = {10.1016/j.knosys.2019.105261},
    issn = {09507051},
    keywords = {Interaction prediction, LncRNA, Matrix factorization, MiRNA, Neighborhood regularized}
}

@article{Hu2018,
    title = {{Predicting lncRNA–Protein Interactions With miRNAs as Mediators in a Heterogeneous Network Model}},
    year = {2020},
    journal = {Frontiers in Genetics},
    author = {Zhou, Yuan Ke and Shen, Zi Ang and Yu, Han and Luo, Tao and Gao, Yang and Du, Pu Feng},
    number = {6},
    month = {6},
    pages = {797--806},
    volume = {10},
    publisher = {Taylor and Francis Inc.},
    doi = {10.3389/fgene.2019.01341},
    issn = {16648021},
    pmid = {29583068},
    keywords = {heterogeneous network, lncRNA–miRNA interaction, lncRNA–protein interaction, miRNA–protein interaction, network similarity}
}

@article{Li2015,
    title = {{Predicting long noncoding RNA and protein interactions using heterogeneous network model}},
    year = {2015},
    journal = {BioMed Research International},
    author = {Li, Ao and Ge, Mengqu and Zhang, Yao and Peng, Chen and Wang, Minghui},
    volume = {2015},
    doi = {10.1155/2015/671950},
    issn = {23146141},
    pmid = {26839884}
}

@article{Li2015a,
    title = {{Predicting long noncoding RNA and protein interactions using heterogeneous network model}},
    year = {2015},
    journal = {BioMed Research International},
    author = {Li, Ao and Ge, Mengqu and Zhang, Yao and Peng, Chen and Wang, Minghui},
    volume = {2015},
    publisher = {Hindawi Publishing Corporation},
    doi = {10.1155/2015/671950},
    issn = {23146141},
    pmid = {26839884}
}

@article{Chen2018a,
    title = {{Predicting miRNA-disease association based on inductive matrix completion}},
    year = {2018},
    journal = {Bioinformatics},
    author = {Chen, Xing and Wang, Lei and Qu, Jia and Guan, Na Na and Li, Jian Qiang},
    number = {24},
    pages = {4256--4265},
    volume = {34},
    doi = {10.1093/bioinformatics/bty503},
    issn = {14602059},
    pmid = {29939227}
}

@article{Ji2020,
    title = {{Predicting miRNA-disease association from heterogeneous information network with GraRep embedding model}},
    year = {2020},
    journal = {Scientific Reports},
    author = {Ji, Bo Ya and You, Zhu Hong and Cheng, Li and Zhou, Ji Ren and Alghazzawi, Daniyal and Li, Li Ping},
    number = {1},
    pages = {1--12},
    volume = {10},
    doi = {10.1038/s41598-020-63735-9},
    issn = {20452322},
    pmid = {32313121}
}

@misc{Bellucci2011,
    title = {{Predicting protein associations with long noncoding RNAs}},
    year = {2011},
    booktitle = {Nature Methods},
    author = {Bellucci, Matteo and Agostini, Federico and Masin, Marianela and Tartaglia, Gian Gaetano},
    number = {6},
    month = {6},
    pages = {444--445},
    volume = {8},
    publisher = {Nature Publishing Group},
    url = {http://www.nature.com/naturemethods/.},
    doi = {10.1038/nmeth.1611},
    issn = {15487091},
    pmid = {21623348},
    keywords = {Bioinformatics, Long non, coding RNAs}
}

@article{Muppirala2011,
    title = {{Predicting RNA-Protein Interactions Using Only Sequence Information}},
    year = {2011},
    journal = {BMC Bioinformatics},
    author = {Muppirala, Usha K. and Honavar, Vasant G. and Dobbs, Drena},
    number = {1},
    month = {12},
    pages = {489},
    volume = {12},
    publisher = {BioMed Central},
    url = {https://bmcbioinformatics.biomedcentral.com/articles/10.1186/1471-2105-12-489},
    doi = {10.1186/1471-2105-12-489},
    issn = {14712105},
    pmid = {22192482},
    keywords = {Algorithms, Bioinformatics, Computational Biology/Bioinformatics, Computer Appl. in Life Sciences, Microarrays}
}

@article{Zeng2017,
    title = {{Prediction and validation of disease genes using HeteSim scores}},
    year = {2017},
    journal = {IEEE/ACM Transactions on Computational Biology and Bioinformatics},
    author = {Zeng, Xiangxiang and Liao, Yuanlu and Liu, Yuansheng and Zou, Quan},
    number = {3},
    pages = {687--695},
    volume = {14},
    doi = {10.1109/TCBB.2016.2520947},
    issn = {15455963},
    pmid = {26890920},
    keywords = {Disease gene prediction, HSMP, HSSVM, HeteSim, multipath methods}
}

@article{Yan2019,
    title = {{Prediction of drug-target interaction by integrating diverse heterogeneous information source with multiple kernel learning and clustering methods}},
    year = {2019},
    journal = {Computational Biology and Chemistry},
    author = {Yan, Xiao-ying and Zhang, Shao-wu and He, Chang-run},
    number = {October 2018},
    pages = {460--467},
    volume = {78},
    publisher = {Elsevier},
    url = {https://doi.org/10.1016/j.compbiolchem.2018.11.028},
    doi = {10.1016/j.compbiolchem.2018.11.028},
    issn = {1476-9271},
    keywords = {drug-target interaction, multiple kernel learning}
}

@article{Xiao2017,
    title = {{Prediction of lncRNA-protein interactions using HeteSim scores based on heterogeneous networks}},
    year = {2017},
    journal = {Scientific Reports},
    author = {Xiao, Yun and Zhang, Jingpu and Deng, Lei},
    number = {1},
    month = {12},
    pages = {1--12},
    volume = {7},
    publisher = {Nature Publishing Group},
    url = {www.nature.com/scientificreports/},
    doi = {10.1038/s41598-017-03986-1},
    issn = {20452322},
    pmid = {28623317},
    keywords = {Computational biology and bioinformatics, Systems biology}
}

@article{Chen2021,
    title = {{Prediction of lncRNA–Protein Interactions via the Multiple Information Integration}},
    year = {2021},
    journal = {Frontiers in Bioengineering and Biotechnology},
    author = {Chen, Yifan and Fu, Xiangzheng and Li, Zejun and Peng, Li and Zhuo, Linlin},
    volume = {9},
    doi = {10.3389/fbioe.2021.647113},
    issn = {22964185},
    keywords = {feature representation, lncRNA protein interactions, mutual information, structure analysis, support vector machine}
}

@article{Huang2014,
    title = {{Prediction of Protein-Protein Interactions Based on Protein-Protein Correlation Using Least Squares Regression}},
    year = {2014},
    journal = {Current Protein {\&} Peptide Science},
    author = {Huang, De-Shuang and Zhang, Lei and Han, Kyungsook and Deng, Suping and Yang, Kai and Zhang, Hongbo},
    number = {6},
    month = {9},
    pages = {553--560},
    volume = {15},
    publisher = {Bentham Science Publishers Ltd.},
    doi = {10.2174/1389203715666140724084019},
    issn = {13892037},
    pmid = {25059329}
}

@article{VanDerMade2020,
    title = {{Presence of Genetic Variants among Young Men with Severe COVID-19}},
    year = {2020},
    journal = {JAMA - Journal of the American Medical Association},
    author = {Van Der Made, Caspar I. and Simons, Annet and Schuurs-Hoeijmakers, Janneke and Van Den Heuvel, Guus and Mantere, Tuomo and Kersten, Simone and Van Deuren, Rosanne C. and Steehouwer, Marloes and Van Reijmersdal, Simon V. and Jaeger, Martin and Hofste, Tom and Astuti, Galuh and Corominas Galbany, Jordi and Van Der Schoot, Vyne and Van Der Hoeven, Hans and Hagmolen Of Ten Have, Wanda and Klijn, Eva and Van Den Meer, Catrien and Fiddelaers, Jeroen and De Mast, Quirijn and Bleeker-Rovers, Chantal P. and Joosten, Leo A.B. and Yntema, Helger G. and Gilissen, Christian and Nelen, Marcel and Van Der Meer, Jos W.M. and Brunner, Han G. and Netea, Mihai G. and Van De Veerdonk, Frank L. and Hoischen, Alexander},
    number = {7},
    pages = {663--673},
    volume = {324},
    doi = {10.1001/jama.2020.13719},
    issn = {15383598},
    pmid = {32706371}
}

@misc{Lv2019,
    title = {{Protein Function Prediction: From Traditional Classifier to Deep Learning}},
    year = {2019},
    booktitle = {Proteomics},
    author = {Lv, Zhibin and Ao, Chunyan and Zou, Quan},
    doi = {10.1002/pmic.201900119},
    issn = {16159861},
    pmid = {31187588},
    keywords = {bioinformatics, deep learning, protein function prediction, system biology}
}

@article{Buhmann2004,
    title = {{Radial Basis Functions: Theory and Implementations}},
    year = {2004},
    journal = {Mathematics of Computation},
    author = {Buhmann, M D and Levesley, Jeremy},
    number = {247},
    pages = {1578--1581},
    volume = {73},
    isbn = {0521633389}
}

@article{Valdeolivas2019,
    title = {{Random walk with restart on multiplex and heterogeneous biological networks}},
    year = {2019},
    journal = {Bioinformatics},
    author = {Valdeolivas, Alberto and Tichit, Laurent and Navarro, Claire and Perrin, Sophie and Odelin, Gaëlle and Levy, Nicolas and Cau, Pierre and Remy, Elisabeth and Baudot, Anaïs},
    number = {3},
    pages = {497--505},
    volume = {35},
    doi = {10.1093/bioinformatics/bty637},
    issn = {14602059},
    pmid = {30020411}
}

@misc{KiplinGuy2020,
    title = {{Rapid repurposing of drugs for COVID-19}},
    year = {2020},
    booktitle = {Science},
    author = {Kiplin Guy, R. and DiPaola, Robert S. and Romanelli, Frank and Dutch, Rebecca E.},
    doi = {10.1126/science.abb9332},
    issn = {10959203},
    pmid = {32385101}
}

@article{Ata2020a,
    title = {{Recent advances in network-based methods for disease gene prediction}},
    year = {2020},
    journal = {arXiv},
    author = {Ata, Sezin Kircali and Wu, Min and Fang, Yuan and Ou-Yang, Le and Kwoh, Chee Keong and Li, Xiao Li},
    pages = {1--13},
    doi = {10.1093/bib/bbaa303},
    issn = {23318422},
    arxivId = {2007.10848},
    keywords = {Disease gene prediction, Graph representation learning, Network-based methods}
}

@misc{Wang2020a,
    title = {{Remdesivir and chloroquine effectively inhibit the recently emerged novel coronavirus (2019-nCoV) in vitro}},
    year = {2020},
    booktitle = {Cell Research},
    author = {Wang, Manli and Cao, Ruiyuan and Zhang, Leike and Yang, Xinglou and Liu, Jia and Xu, Mingyue and Shi, Zhengli and Hu, Zhihong and Zhong, Wu and Xiao, Gengfu},
    number = {3},
    pages = {269--271},
    volume = {30},
    doi = {10.1038/s41422-020-0282-0},
    issn = {17487838},
    pmid = {32020029}
}

@article{Beigel2020,
    title = {{Remdesivir for the Treatment of Covid-19 — Final Report}},
    year = {2020},
    journal = {New England Journal of Medicine},
    author = {Beigel, John H. and Tomashek, Kay M. and Dodd, Lori E. and Mehta, Aneesh K. and Zingman, Barry S. and Kalil, Andre C. and Hohmann, Elizabeth and Chu, Helen Y. and Luetkemeyer, Annie and Kline, Susan and Lopez de Castilla, Diego and Finberg, Robert W. and Dierberg, Kerry and Tapson, Victor and Hsieh, Lanny and Patterson, Thomas F. and Paredes, Roger and Sweeney, Daniel A. and Short, William R. and Touloumi, Giota and Lye, David Chien and Ohmagari, Norio and Oh, Myoung-don and Ruiz-Palacios, Guillermo M. and Benfield, Thomas and F{\"{a}}tkenheuer, Gerd and Kortepeter, Mark G. and Atmar, Robert L. and Creech, C. Buddy and Lundgren, Jens and Babiker, Abdel G. and Pett, Sarah and Neaton, James D. and Burgess, Timothy H. and Bonnett, Tyler and Green, Michelle and Makowski, Mat and Osinusi, Anu and Nayak, Seema and Lane, H. Clifford},
    number = {19},
    pages = {1813--1826},
    volume = {383},
    doi = {10.1056/nejmoa2007764},
    issn = {0028-4793},
    pmid = {32445440}
}

@article{Choy2020,
    title = {{Remdesivir, lopinavir, emetine, and homoharringtonine inhibit SARS-CoV-2 replication in vitro}},
    year = {2020},
    author = {Choy, Ka-Tim Tim and Wong, Alvina Yin-Lam Lam and Kaewpreedee, Prathanporn and Sia, Sin Fun and Chen, Dongdong and Hui, Kenrie Pui Yan and Chu, Daniel Ka Wing and Chan, Michael Chi Wai and Cheung, Peter Pak-Hang Hang and Huang, Xuhui and Peiris, Malik and Yen, Hui-Ling Ling},
    edition = {2020/04/03},
    month = {6},
    pages = {104786},
    volume = {178},
    publisher = {Elsevier B.V.},
    doi = {10.1016/j.antiviral.2020.104786},
    pmid = {32251767},
    language = {eng}
}

@article{Yi2020b,
    title = {{RPI-SE: A stacking ensemble learning framework for ncRNA-protein interactions prediction using sequence information}},
    year = {2020},
    journal = {BMC Bioinformatics},
    author = {Yi, Hai Cheng and You, Zhu Hong and Wang, Mei Neng and Guo, Zhen Hao and Wang, Yan Bin and Zhou, Ji Ren},
    doi = {10.1186/s12859-020-3406-0},
    issn = {14712105},
    pmid = {32070279},
    keywords = {Ensemble learning, Legendre moments, Position weight matrix, RNA-protein interaction, Sequence analysis, ncRNA}
}

@article{Costanzo2020,
    title = {{SARS-CoV-2: Recent Reports on Antiviral Therapies Based on Lopinavir/Ritonavir, Darunavir/Umifenovir, Hydroxychloroquine, Remdesivir, Favipiravir and other Drugs for the Treatment of the New Coronavirus}},
    year = {2020},
    journal = {Current Medicinal Chemistry},
    author = {Costanzo, Michele and De Giglio, Maria Anna Rachele and Roviello, Giovanni Nicola},
    number = {27},
    month = {4},
    pages = {4536--4541},
    volume = {27},
    publisher = {Bentham Science Publishers Ltd.},
    doi = {10.2174/0929867327666200416131117},
    issn = {09298673},
    pmid = {32297571}
}

@article{Zeng2020,
    title = {{SDLDA: lncRNA-disease association prediction based on singular value decomposition and deep learning}},
    year = {2020},
    journal = {Methods},
    author = {Zeng, Min and Lu, Chengqian and Zhang, Fuhao and Li, Yaohang Yiming and Wu, Fang Xiang and Li, Yaohang Yiming and Li, Min},
    number = {February},
    pages = {73--80},
    volume = {179},
    publisher = {Elsevier},
    url = {https://doi.org/10.1016/j.ymeth.2020.05.002},
    doi = {10.1016/j.ymeth.2020.05.002},
    issn = {10959130},
    pmid = {32387314},
    keywords = {Deep learning, Linear feature, Non-linear feature, Singular value decomposition, lncRNA-disease association prediction}
}

@article{Hasanzadeh2019,
    title = {{Semi-implicit graph variational auto-encoders}},
    year = {2019},
    journal = {Advances in Neural Information Processing Systems},
    author = {Hasanzadeh, Arman and Hajiramezanali, Ehsan and Duffield, Nick and Narayanan, Krishna R. and Zhou, Mingyuan and Qian, Xiaoning},
    number = {NeurIPS},
    pages = {2019},
    volume = {32},
    issn = {10495258},
    arxivId = {1908.07078}
}

@article{Kipf2017,
    title = {{Semi-supervised classification with graph convolutional networks}},
    year = {2017},
    journal = {5th International Conference on Learning Representations, ICLR 2017 - Conference Track Proceedings},
    author = {Kipf, Thomas N. and Welling, Max},
    pages = {1--14},
    arxivId = {1609.02907}
}

@article{Chen2014,
    title = {{Semi-supervised learning for potential human microRNA-disease associations inference}},
    year = {2014},
    journal = {Scientific Reports},
    author = {Chen, Xing and Yan, Gui Ying},
    volume = {4},
    doi = {10.1038/srep05501},
    issn = {20452322},
    pmid = {24975600}
}

@inproceedings{Zhang2019c,
    title = {{Sequence-derived linear neighborhood propagation method for predicting lncRNA-miRNA interactions}},
    year = {2019},
    booktitle = {Proceedings - 2018 IEEE International Conference on Bioinformatics and Biomedicine, BIBM 2018},
    author = {Zhang, Wen and Tang, Guifeng and Wang, Siman and Chen, Yanlin and Zhou, Shuang and Li, Xiaohong},
    pages = {50--55},
    isbn = {9781538654880},
    doi = {10.1109/BIBM.2018.8621184},
    keywords = {integrated similarity, label propagation, lncRNA-miRNA interactions}
}

@article{Zhang2019b,
    title = {{SFLLN: A sparse feature learning ensemble method with linear neighborhood regularization for predicting drug–drug interactions}},
    year = {2019},
    journal = {Information Sciences},
    author = {Zhang, Wen and Jing, Kanghong and Huang, Feng and Chen, Yanlin and Li, Bolin and Li, Jinghao and Gong, Jing},
    pages = {189--201},
    volume = {497},
    doi = {10.1016/j.ins.2019.05.017},
    issn = {00200255},
    keywords = {Drug–drug interactions, Linear neighborhood regularization, Sparse feature learning}
}

@article{Zhang2018c,
    title = {{SFPEL-LPI: Sequence-based feature projection ensemble learning for predicting LncRNA-protein interactions}},
    year = {2018},
    journal = {PLoS Computational Biology},
    author = {Zhang, Wen and Yue, Xiang and Tang, Guifeng and Wu, Wenjian and Huang, Feng and Zhang, Xining},
    number = {12},
    month = {12},
    pages = {e1006616},
    volume = {14},
    publisher = {Public Library of Science},
    url = {http://www.bioinfotech.cn/SFPEL-LPI/.Authorsummary},
    doi = {10.1371/journal.pcbi.1006616},
    issn = {15537358},
    pmid = {30533006},
    keywords = {Forecasting, Gene ontologies, Long non-coding RNA, Protein extraction, Protein interaction networks, Protein interactions, Protein-protein interactions, RNA sequences}
}

@misc{Zou2016,
    title = {{Similarity computation strategies in the microRNA-disease network: A survey}},
    year = {2016},
    booktitle = {Briefings in Functional Genomics},
    author = {Zou, Quan and Li, Jinjin and Song, Li and Zeng, Xiangxiang and Wang, Guohua},
    number = {1},
    month = {1},
    pages = {55--64},
    volume = {15},
    publisher = {Oxford University Press},
    doi = {10.1093/bfgp/elv024},
    issn = {20412657},
    pmid = {26134276},
    keywords = {Machine learning, Network, microRNA, microRNA-disease relationship}
}

@article{Wang2014,
    title = {{Similarity network fusion for aggregating data types on a genomic scale}},
    year = {2014},
    journal = {Nature Methods},
    author = {Wang, Bo and Mezlini, Aziz M. and Demir, Feyyaz and Fiume, Marc and Tu, Zhuowen and Brudno, Michael and Haibe-Kains, Benjamin and Goldenberg, Anna},
    number = {3},
    pages = {333--337},
    volume = {11},
    doi = {10.1038/nmeth.2810},
    issn = {15487105},
    pmid = {24464287}
}

@article{Salha2020,
    title = {{Simple and Effective Graph Autoencoders with One-Hop Linear Models}},
    year = {2020},
    journal = {arXiv},
    author = {Salha, Guillaume and Hennequin, Romain and Vazirgiannis, Michalis},
    pages = {1--16},
    arxivId = {2001.07614},
    keywords = {Autoencoders, Graph Convolutional Networks, Graph Representation Learning, Graphs, Linear Encoders, Link Prediction, Node Clustering, Node Embedding, Variational Autoencoders}
}

@article{Jarada2021,
    title = {{SNF-NN: computational method to predict drug-disease interactions using similarity network fusion and neural networks}},
    year = {2021},
    journal = {BMC Bioinformatics},
    author = {Jarada, Tamer N. and Rokne, Jon G. and Alhajj, Reda},
    number = {1},
    volume = {22},
    doi = {10.1186/s12859-020-03950-3},
    issn = {14712105},
    pmid = {33482713},
    keywords = {Computational drug repositioning, Deep learning, Drug similarity measures, Machine learning, Similarity network fusion}
}

@article{Bruna2014,
    title = {{Spectral networks and deep locally connected networks on graphs}},
    year = {2014},
    journal = {2nd International Conference on Learning Representations, ICLR 2014 - Conference Track Proceedings},
    author = {Bruna, Joan and Zaremba, Wojciech and Szlam, Arthur and LeCun, Yann},
    pages = {1--14},
    arxivId = {1312.6203}
}

@article{Li2014a,
    title = {{StarBase v2.0: Decoding miRNA-ceRNA, miRNA-ncRNA and protein-RNA interaction networks from large-scale CLIP-Seq data}},
    year = {2014},
    journal = {Nucleic Acids Research},
    author = {Li, Jun Hao and Liu, Shun and Zhou, Hui and Qu, Liang Hu and Yang, Jian Hua},
    number = {D1},
    volume = {42},
    doi = {10.1093/nar/gkt1248},
    issn = {03051048},
    pmid = {24297251}
}

@article{Battiston2014,
    title = {{Structural measures for multiplex networks}},
    year = {2014},
    journal = {Physical Review E - Statistical, Nonlinear, and Soft Matter Physics},
    author = {Battiston, Federico and Nicosia, Vincenzo and Latora, Vito},
    number = {3},
    month = {3},
    volume = {89},
    publisher = {American Physical Society},
    doi = {10.1103/PhysRevE.89.032804},
    issn = {15502376},
    pmid = {24730896},
    arxivId = {1308.3182}
}

@article{Figures2017,
    title = {{Supplementary Materials for “ Predicting Human Microbe -Drug Associations via Graph Convolution Network with Conditional Random Field ”}},
    year = {2017},
    author = {Figures, Supplementary},
    pages = {0--5}
}

@article{Huang2020a,
    title = {{Tensor decomposition with relational constraints for predicting multiple types of microRNA-disease associations}},
    year = {2020},
    journal = {Briefings in Bioinformatics},
    author = {Huang, Feng and Yue, Xiang and Xiong, Zhankun and Yu, Zhouxin and Liu, Shichao and Zhang, Wen},
    doi = {10.1093/bib/bbaa140},
    issn = {1467-5463}
}

@article{zhao2018bipartite,
    title = {{The bipartite network projection-recommended algorithm for predicting long non-coding RNA-protein interactions}},
    year = {2018},
    journal = {Molecular Therapy-Nucleic Acids},
    author = {Zhao, Qi and Yu, Haifan and Ming, Zhong and Hu, Huan and Ren, Guofei and Liu, Hongsheng},
    pages = {464--471},
    volume = {13},
    publisher = {Elsevier}
}

@article{Zhao2018a,
    title = {{The Bipartite Network Projection-Recommended Algorithm for Predicting Long Non-coding RNA-Protein Interactions}},
    year = {2018},
    journal = {Molecular Therapy - Nucleic Acids},
    author = {Zhao, Qi and Yu, Haifan and Ming, Zhong and Hu, Huan and Ren, Guofei and Liu, Hongsheng},
    month = {12},
    pages = {464--471},
    volume = {13},
    publisher = {Cell Press},
    url = {/pmc/articles/PMC6205413/ /pmc/articles/PMC6205413/?report=abstract https://www.ncbi.nlm.nih.gov/pmc/articles/PMC6205413/},
    doi = {10.1016/j.omtn.2018.09.020},
    issn = {21622531},
    keywords = {lncRNA, lncRNA-protein interaction prediction, protein, recommended algorithm, semi-supervised method}
}

@article{Ding2019b,
    title = {{The Computational Models of Drug-target Interaction Prediction}},
    year = {2019},
    journal = {Protein {\&} Peptide Letters},
    author = {Ding, Yijie and Tang, Jijun and Guo, Fei},
    number = {5},
    month = {4},
    pages = {348--358},
    volume = {27},
    publisher = {Bentham Science Publishers Ltd.},
    doi = {10.2174/0929866526666190410124110},
    issn = {09298665},
    pmid = {30968771},
    keywords = {bipartite network, computational, drug discovery, drug-target interaction, machine learning, network analysis}
}

@misc{Huarte2015,
    title = {{The emerging role of lncRNAs in cancer}},
    year = {2015},
    booktitle = {Nature Medicine},
    author = {Huarte, Maite},
    number = {11},
    month = {10},
    pages = {1253--1261},
    volume = {21},
    publisher = {Nature Publishing Group},
    url = {https://www.nature.com/articles/nm.3981},
    doi = {10.1038/nm.3981},
    issn = {1546170X},
    pmid = {26540387},
    keywords = {Cancer, Cancer genomics, RNA}
}

@article{Caly2020,
    title = {{The FDA-approved drug ivermectin inhibits the replication of SARS-CoV-2 in vitro}},
    year = {2020},
    journal = {Antiviral Research},
    author = {Caly, Leon and Druce, Julian D. and Catton, Mike G. and Jans, David A. and Wagstaff, Kylie M.},
    volume = {178},
    doi = {10.1016/j.antiviral.2020.104787},
    issn = {18729096},
    pmid = {32251768}
}

@article{Derrien2012a,
    title = {{The GENCODE v7 catalog of human long noncoding RNAs: Analysis of their gene structure, evolution, and expression}},
    year = {2012},
    journal = {Genome Research},
    author = {Derrien, Thomas and Johnson, Rory and Bussotti, Giovanni and Tanzer, Andrea and Djebali, Sarah and Tilgner, Hagen and Guernec, Gregory and Martin, David and Merkel, Angelika and Knowles, David G. and Lagarde, Julien and Veeravalli, Lavanya and Ruan, Xiaoan and Ruan, Yijun and Lassmann, Timo and Carninci, Piero and Brown, James B. and Lipovich, Leonard and Gonzalez, Jose M. and Thomas, Mark and Davis, Carrie A. and Shiekhattar, Ramin and Gingeras, Thomas R. and Hubbard, Tim J. and Notredame, Cedric and Harrow, Jennifer and Guig{\'{o}}, Roderic},
    number = {9},
    pages = {1775--1789},
    volume = {22},
    doi = {10.1101/gr.132159.111},
    issn = {10889051},
    pmid = {22955988}
}

@article{Armengaud2020,
    title = {{The importance of naturally attenuated SARS-CoV-2in the fight against COVID-19}},
    year = {2020},
    journal = {Environmental Microbiology},
    author = {Armengaud, Jean and Delaunay-Moisan, Agnès and Thuret, Jean Yves and van Anken, Eelco and Acosta-Alvear, Diego and Arag{\'{o}}n, Tomás and Arias, Carolina and Blondel, Marc and Braakman, Ineke and Collet, Jean François and Courcol, René and Danchin, Antoine and Deleuze, Jean François and Lavigne, Jean Philippe and Lucas, Sophie and Michiels, Thomas and Moore, Edward R.B. and Nixon-Abell, Jonathon and Rossello-Mora, Ramon and Shi, Zheng Li and Siccardi, Antonio G. and Sitia, Roberto and Tillett, Daniel and Timmis, Kenneth N. and Toledano, Michel B. and van der Sluijs, Peter and Vicenzi, Elisa},
    number = {6},
    pages = {1997--2000},
    volume = {22},
    doi = {10.1111/1462-2920.15039},
    issn = {14622920},
    pmid = {32342578}
}

@article{Zhang2018a,
    title = {{The Linear Neighborhood Propagation Method for Predicting Long Non-coding RNA-protein Interactions}},
    year = {2018},
    journal = {Neurocomputing},
    author = {Zhang, Wen and Qu, Qianlong and Zhang, Yunqiu and Wang, Wei},
    pages = {526--534},
    volume = {273},
    publisher = {Elsevier B.V.},
    url = {http://dx.doi.org/10.1016/j.neucom.2017.07.065},
    doi = {10.1016/j.neucom.2017.07.065},
    issn = {18728286},
    keywords = {label propagation, linear neighborhood similarity, lncRNA-protein interaction}
}

@article{Zhang2018,
    title = {{The Linear Neighborhood Propagation Method for Predicting Long Non-coding RNA-protein Interactions}},
    year = {2018},
    journal = {Neurocomputing},
    author = {Zhang, Wen and Qu, Qianlong and Zhang, Yunqiu and Wang, Wei},
    month = {1},
    pages = {526--534},
    volume = {273},
    publisher = {Elsevier B.V.},
    doi = {10.1016/j.neucom.2017.07.065},
    issn = {18728286},
    keywords = {label propagation, linear neighborhood similarity, lncRNA-protein interaction}
}

@misc{Marchese2017,
    title = {{The multidimensional mechanisms of long noncoding RNA function}},
    year = {2017},
    booktitle = {Genome Biology},
    author = {Marchese, Francesco P. and Raimondi, Ivan and Huarte, Maite},
    number = {1},
    month = {10},
    volume = {18},
    publisher = {BioMed Central Ltd.},
    url = {https://pubmed.ncbi.nlm.nih.gov/29084573/},
    doi = {10.1186/s13059-017-1348-2},
    issn = {1474760X},
    pmid = {29084573},
    keywords = {Animals, Chromatin / metabolism, DNA / chemistry, DNA / metabolism, DNA-Binding Proteins / metabolism, Enhancer Elements, Francesco P Marchese, Gene Expression Regulation*, Genetic, Ivan Raimondi, Long Noncoding / metabolism*, MEDLINE, Maite Huarte, NCBI, NIH, NLM, National Center for Biotechnology Information, National Institutes of Health, National Library of Medicine, Non-U.S. Gov't, PMC5663108, PubMed Abstract, RNA, RNA-Binding Proteins / metabolism, Research Support, Review, Transcription, doi:10.1186/s13059-017-1348-2, pmid:29084573}
}

@misc{Brenner2020,
    title = {{The potential of memantine and related adamantanes such as amantadine, to reduce the neurotoxic effects of COVID-19, including ARDS and to reduce viral replication through lysosomal effects}},
    year = {2020},
    booktitle = {Journal of Medical Virology},
    author = {Brenner, Steven R.},
    doi = {10.1002/jmv.26030},
    issn = {10969071},
    pmid = {32436995}
}

@inproceedings{Li2012,
    title = {{Theoretical analysis of effects of solution heat exchanger on the performance of mixed absorption refrigeration cycle}},
    year = {2012},
    booktitle = {Applied Mechanics and Materials},
    author = {Li, Wen and Wan, Junhua and Liu, Jing and Zheng, Zuyi and Xu, Wenming},
    isbn = {9783037854228},
    doi = {10.4028/www.scientific.net/AMM.170-173.2521},
    issn = {16609336},
    keywords = {Mixed absorption cycle, Solution heat exchanger, Temperature difference, Unit heat exchange area}
}

@article{Tobaiqy2020,
    title = {{Therapeutic management of patients with COVID-19: a systematic review}},
    year = {2020},
    journal = {Infection Prevention in Practice},
    author = {Tobaiqy, M. and Qashqary, M. and Al-Dahery, S. and Mujallad, A. and Hershan, A.A. and Kamal, M.A. and Helmi, N.},
    doi = {10.1016/j.infpip.2020.100061},
    issn = {25900889}
}

@article{Yu2020,
    title = {{Three-Layer Heterogeneous Network Combined With Unbalanced Random Walk for miRNA-Disease Association Prediction}},
    year = {2020},
    journal = {Frontiers in Genetics},
    author = {Yu, Limin and Shen, Xianjun and Zhong, Duo and Yang, Jincai},
    number = {January},
    pages = {1--10},
    volume = {10},
    doi = {10.3389/fgene.2019.01316},
    issn = {16648021},
    keywords = {Laplace normalization, LncRNA, miRNA-disease association prediction, three-layer heterogeneous network, unbalanced random walk}
}

@misc{Dykes2017,
    title = {{Transcriptional and Post-transcriptional Gene Regulation by Long Non-coding RNA}},
    year = {2017},
    booktitle = {Genomics, Proteomics and Bioinformatics},
    author = {Dykes, Iain M. and Emanueli, Costanza},
    number = {3},
    pages = {177--186},
    volume = {15},
    doi = {10.1016/j.gpb.2016.12.005},
    issn = {22103244},
    pmid = {28529100},
    keywords = {Epigenetics, Long non-coding RNA, MicroRNA, Post-transcriptional regulation, Transcriptional regulation}
}

@article{Srivastava2021,
    title = {{Transcriptome-wide high-throughput mapping of protein–RNA occupancy profiles using POP-seq}},
    year = {2021},
    journal = {Scientific Reports},
    author = {Srivastava, Mansi and Srivastava, Rajneesh and Janga, Sarath Chandra},
    number = {1},
    volume = {11},
    doi = {10.1038/s41598-020-80846-5},
    issn = {20452322},
    pmid = {33441968}
}

@article{Chen2019a,
    title = {{Trends in the development of miRNA bioinformatics tools}},
    year = {2019},
    journal = {Briefings in Bioinformatics},
    author = {Chen, Liang and Heikkinen, Liisa and Wang, Changliang and Yang, Yang and Sun, Huiyan and Wong, Garry},
    number = {5},
    pages = {1836--1852},
    volume = {20},
    isbn = {8538822497},
    doi = {10.1093/bib/bby054},
    issn = {14774054},
    pmid = {29982332},
    keywords = {bibliometric, bioinformatics tools, miRNA, ranking, text mining}
}

@article{Hung2003,
    title = {{Triple combination of interferon beta-1b, lopinavir–ritonavir, and ribavirin in the treatment of patients admitted to hospital with COVID-19: an open-label, randomised, phase 2 trial}},
    year = {2020},
    journal = {The Lancet},
    author = {Ramanathan, Kollengode and Antognini, David and Combes, Alain and Paden, Matthew and Zakhary, Bishoy and Ogino, Mark and Maclaren, Graeme and Brodie, Daniel},
    number = {January},
    pages = {1695},
    volume = {395}
}

@inproceedings{Glorot2010,
    title = {{Understanding the difficulty of training deep feedforward neural networks}},
    year = {2010},
    booktitle = {Journal of Machine Learning Research},
    author = {Glorot, Xavier and Bengio, Yoshua},
    pages = {249--256},
    volume = {9},
    issn = {15324435}
}

@article{Kipf2016,
    title = {{Variational Graph Auto-Encoders}},
    year = {2016},
    author = {Kipf, Thomas N. and Welling, Max and Auto-encoders, Variational Graph and Kipf, Thomas N. and Welling, Max},
    number = {2},
    pages = {1--3},
    url = {http://arxiv.org/abs/1611.07308},
    arxivId = {1611.07308}
}

@article{Ding2020,
    title = {{Variational graph auto-encoders for miRNA-disease association prediction}},
    year = {2020},
    journal = {Methods},
    author = {Ding, Yulian and Tian, Li Ping and Lei, Xiujuan and Liao, Bo and Wu, Fang Xiang},
    number = {June},
    pages = {0--1},
    publisher = {Academic Press Inc.},
    url = {https://doi.org/10.1016/j.ymeth.2020.08.004},
    doi = {10.1016/j.ymeth.2020.08.004},
    issn = {10959130},
    keywords = {Deep learning, Graph convolutional network, Variational autoencoder, miRNA-disease association}
}

@article{Maurya2020,
    title = {{Virtual screening, ADME/T, and binding free energy analysis of anti-viral, anti-protease, and anti-infectious compounds against NSP10/NSP16 methyltransferase and main protease of SARS CoV-2}},
    year = {2020},
    journal = {Journal of Receptors and Signal Transduction},
    author = {Maurya, Santosh Kumar and Maurya, Akhilesh Kumar and Mishra, Nidhi and Siddique, Hifzur R.},
    number = {6},
    pages = {605--612},
    volume = {40},
    doi = {10.1080/10799893.2020.1772298},
    issn = {15324281},
    pmid = {32476594},
    keywords = {COVID-19, NSP10/NSP16 methyltransferase, SARS CoV-2, anti-viral/anti-infectious/anti-protease drugs, protease complex}
}

@article{Gan2014,
    title = {{Walking on a User Similarity Network towards Personalized Recommendations}},
    year = {2014},
    journal = {PLoS ONE},
    author = {Gan, Mingxin},
    editor = {Suleman, Hussein},
    number = {12},
    month = {12},
    pages = {e114662},
    volume = {9},
    url = {https://dx.plos.org/10.1371/journal.pone.0114662},
    doi = {10.1371/journal.pone.0114662},
    issn = {1932-6203},
    pmid = {25489942}
}

@article{Kohler2008,
    title = {{Walking the Interactome for Prioritization of Candidate Disease Genes}},
    year = {2008},
    journal = {American Journal of Human Genetics},
    author = {K{\"{o}}hler, Sebastian and Bauer, Sebastian and Horn, Denise and Robinson, Peter N.},
    number = {4},
    pages = {949--958},
    volume = {82},
    doi = {10.1016/j.ajhg.2008.02.013},
    issn = {00029297},
    pmid = {18371930}
}

@article{Long2019,
    title = {{WMGHMDA: A novel weighted meta-graph-based model for predicting human microbe-disease association on heterogeneous information network}},
    year = {2019},
    journal = {BMC Bioinformatics},
    author = {Long, Yahui and Luo, Jiawei},
    number = {1},
    pages = {1--18},
    volume = {20},
    publisher = {BMC Bioinformatics},
    doi = {10.1186/s12859-019-3066-0},
    issn = {14712105},
    pmid = {31675979},
    keywords = {Association prediction, Disease, Heterogeneous information network, Microbe, Weighted meta-graph}
}

@article{WorldHealthOrganization2020,
    title = {{World Health Organization. Coronavirus disease 2019 (COVID-19)}},
    year = {2020},
    journal = {Situation Report, 32.},
    author = {{World Health Organization} and {WHO}},
    number = {February},
    pages = {1--16},
    volume = {2019}
}

@article{2019,
    title = {{图卷积神经网络综述 Vol.}},
    year = {2019},
    journal = {计 算 机 学 报},
    author = {徐冰冰, 岑科廷, 黄俊杰, 沈华伟, 程学旗},
    number = {122},
    volume = {42}
}

@article{Wekesa2020AAttention,
    title = {{A deep learning model for plant lncRNA-protein interaction prediction with graph attention}},
    year = {2020},
    journal = {Molecular Genetics and Genomics},
    author = {Wekesa, Jael Sanyanda and Meng, Jun and Luan, Yushi},
    number = {5},
    month = {9},
    pages = {1091--1102},
    volume = {295},
    publisher = {Springer Science and Business Media Deutschland GmbH},
    doi = {10.1007/s00438-020-01682-w},
    issn = {16174623},
    pmid = {32409904},
    keywords = {Deep learning, Graph attention, Interaction, Prediction, Protein, lncRNA}
}

@article{Wekesa2019AInteraction,
    title = {{A Hybrid Prediction Method for Plant lncRNA-Protein Interaction}},
    year = {2019},
    journal = {Cells},
    author = {Wekesa, Jael Sanyanda and Luan, Yushi and Chen, Ming and Meng, Jun},
    number = {6},
    volume = {8},
    doi = {10.3390/cells8060521},
    issn = {2073-4409}
}

@article{Wang2019AD,
    title = {{A new resource allocation strategy based on the relationship between subproblems for MOEA / D}},
    year = {2019},
    journal = {Information Sciences},
    author = {Wang, Peng and Zhu, Wen and Liu, Haihua and Liao, Bo and Cai, Lijun and Wei, Xiaohui and Ren, Siqi and Yang, Jialiang},
    pages = {337--362},
    volume = {501},
    publisher = {Elsevier Inc.},
    url = {https://doi.org/10.1016/j.ins.2019.06.001},
    doi = {10.1016/j.ins.2019.06.001},
    issn = {0020-0255},
    keywords = {Decomposition,Evolutionary algorithm,Multi-objecti}
}

@article{Cai2010ACompletion,
    title = {{A singular value thresholding algorithm for matrix completion}},
    year = {2010},
    journal = {SIAM Journal on Optimization},
    author = {Cai, Jian Feng and Cand{\`{e}}s, Emmanuel J. and Shen, Zuowei},
    number = {4},
    pages = {1956--1982},
    volume = {20},
    doi = {10.1137/080738970},
    issn = {10526234}
}

@article{Ramlatchan2018ASystems,
    title = {{A survey of matrix completion methods for recommendation systems}},
    year = {2018},
    journal = {Big Data Mining and Analytics},
    author = {Ramlatchan, Andy and Yang, Mengyun and Liu, Quan and Li, Min and Wang, Jianxin and Li, Yaohang},
    number = {4},
    pages = {308--323},
    volume = {1},
    doi = {10.26599/bdma.2018.9020008}
}

@article{Hendricks2010AGerontology,
    title = {{A world apart? Bridging the gap between theory and applied social gerontology}},
    year = {2010},
    journal = {Gerontologist},
    author = {Hendricks, Jon and Applebaum, Robert and Kunkel, Suzanne},
    number = {3},
    volume = {50},
    doi = {10.1093/geront/gnp167},
    issn = {00169013}
}

@article{Zhu2019ACCBN:Interactions,
    title = {{ACCBN: Ant-Colony-clustering-based bipartite network method for predicting long non-coding RNA-protein interactions}},
    year = {2019},
    journal = {BMC Bioinformatics},
    author = {Zhu, Rong and Li, Guangshun and Liu, Jin Xing and Dai, Ling Yun and Guo, Ying},
    number = {1},
    volume = {20},
    doi = {10.1186/s12859-018-2586-3},
    issn = {14712105}
}

@article{Deng2018AccurateNetwork,
    title = {{Accurate prediction of protein-lncRNA interactions by diffusion and HeteSim features across heterogeneous network}},
    year = {2018},
    journal = {BMC Bioinformatics},
    author = {Deng, Lei and Wang, Junqiang and Xiao, Yun and Wang, Zixiang and Liu, Hui},
    number = {1},
    volume = {19},
    doi = {10.1186/s12859-018-2390-0},
    issn = {14712105}
}

@inproceedings{Kingma2015Adam:Optimization,
    title = {{Adam: A method for stochastic optimization}},
    year = {2015},
    booktitle = {3rd International Conference on Learning Representations, ICLR 2015 - Conference Track Proceedings},
    author = {Kingma, Diederik P. and Ba, Jimmy Lei},
    arxivId = {1412.6980}
}

@misc{Tahimic2013AnabolicSkeleton,
    title = {{Anabolic effects of IGF-1 signaling on the skeleton}},
    year = {2013},
    booktitle = {Frontiers in Endocrinology},
    author = {Tahimic, Candice G.T. and Wang, Yongmei and Bikle, Daniel D.},
    number = {FEB},
    volume = {4},
    doi = {10.3389/fendo.2013.00006},
    issn = {16642392}
}

@article{Weidmann2021AnalysisRNA,
    title = {{Analysis of RNA–protein networks with RNP-MaP defines functional hubs on RNA}},
    year = {2021},
    journal = {Nature Biotechnology},
    author = {Weidmann, Chase A. and Mustoe, Anthony M. and Jariwala, Parth B. and Calabrese, J. Mauro and Weeks, Kevin M.},
    number = {3},
    volume = {39},
    doi = {10.1038/s41587-020-0709-7},
    issn = {15461696}
}

@article{Shamim2021ApplicationInfection,
    title = {{Application of Niclosamide and Analogs as Small Molecule Inhibitors of Zika Virus and SARS-Cov-2 Infection}},
    year = {2021},
    journal = {Bioorganic {\&} Medicinal Chemistry Letters},
    author = {Shamim, Khalida and Xu, Miao and Hu, Xin and Lee, Emily M and Lu, Xiao and Huang, Ruili and Shah, Pranav and Xu, Xin and Chen, Catherine Z and Shen, Min and Guo, Hui and Chen, Lu and Itkin, Zina and Eastman, Richard and Shinn, Paul and Klumpp-Thomas, Carleen and Michael, Sam and Simeonov, Anton and Lo, Donald C. and Ming, Guo-li and Song, Hongjun and Tang, Hengli and Zheng, Wei and Huang, Wenwei},
    doi = {10.1016/j.bmcl.2021.127906},
    issn = {0960894X}
}

@article{Ivanov2021BoostNetworks,
    title = {{Boost then Convolve: Gradient Boosting Meets Graph Neural Networks}},
    year = {2021},
    author = {Ivanov, Sergei and Prokhorenkova, Liudmila},
    url = {https://github.com/nd7141/bgnn. http://arxiv.org/abs/2101.08543},
    arxivId = {2101.08543}
}

@article{Weston2020BroadVivo,
    title = {{Broad anti-coronaviral activity of FDA approved drugs against SARS-CoV-2 in vitro and SARS-CoV in vivo}},
    year = {2020},
    journal = {bioRxiv},
    author = {Weston, Stuart and Coleman, Christopher M and Sisk, Jeanne M and Haupt, Rob and Logue, James and Matthews, Krystal and Frieman, Matthew B},
    publisher = {Cold Spring Harbor Laboratory}
}

@misc{Colson2020ChloroquineSARS-CoV-2,
    title = {{Chloroquine for the 2019 novel coronavirus SARS-CoV-2}},
    year = {2020},
    booktitle = {International Journal of Antimicrobial Agents},
    author = {Colson, Philippe and Rolain, Jean Marc and Raoult, Didier},
    doi = {10.1016/j.ijantimicag.2020.105923},
    issn = {18727913},
    pmid = {32070753}
}

@article{RoyChattopadhyay2020CombinatorialImmune-boosters,
    title = {{Combinatorial therapeutic trial plans for COVID-19 treatment armed up with antiviral, antiparasitic, cell-entry inhibitor, and immune-boosters}},
    year = {2020},
    journal = {VirusDisease},
    author = {Roy Chattopadhyay, Nabanita and Chatterjee, Koustav and Banerjee, Antara and Choudhuri, Tathagata},
    number = {4},
    volume = {31},
    doi = {10.1007/s13337-020-00631-w},
    issn = {23473517}
}

@article{SurnameConference,
    title = {{Conference Paper Title *}},
    author = {Surname, Given Name and Surname, Given Name and Surname, Given Name and Surname, Given Name and Surname, Given Name and Surname, Given Name},
    number = {1}
}

@article{Xiang2018CriticalNetworks,
    title = {{Critical analysis of ( Quasi- ) Surprise for community detection in complex networks}},
    year = {2018},
    journal = {Scientific Reports},
    author = {Xiang, Ju and Li, Hui-jia and Bu, Zhan and Wang, Zhen and Bao, Mei-hua and Tang, Liang},
    number = {October 2017},
    pages = {1--15},
    publisher = {Springer US},
    url = {http://dx.doi.org/10.1038/s41598-018-32582-0},
    doi = {10.1038/s41598-018-32582-0},
    issn = {2045-2322}
}

@misc{D.pdf,
    title = {{D.pdf}}
}

@misc{Decom_time.pdf,
    title = {{decom{\_}time.pdf}}
}

@incollection{Ahmad2019DeepApplications,
    title = {{Deep Learning Methods and Applications}},
    year = {2019},
    booktitle = {SpringerBriefs in Computer Science},
    author = {Ahmad, Jamil and Farman, Haleem and Jan, Zahoor},
    doi = {10.1007/978-981-13-3459-7{\_}3},
    issn = {21915776}
}

@article{2021DeepLPI:Isoforms,
    title = {{DeepLPI: a multimodal deep learning method for predicting the interactions between lncRNAs and protein isoforms}},
    year = {2021}
}

@article{Shaw2021DeepLPI:Isoforms,
    title = {{DeepLPI: a multimodal deep learning method for predicting the interactions between lncRNAs and protein isoforms}},
    year = {2021},
    journal = {BMC Bioinformatics},
    author = {Shaw, Dipan and Chen, Hao and Xie, Minzhu and Jiang, Tao},
    number = {1},
    month = {12},
    volume = {22},
    publisher = {BioMed Central Ltd},
    doi = {10.1186/s12859-020-03914-7},
    issn = {14712105},
    pmid = {33461501}
}

@article{Huang2021DeepPurpose:Prediction,
    title = {{DeepPurpose: a deep learning library for drug–target interaction prediction}},
    year = {2021},
    journal = {Bioinformatics},
    author = {Huang, Kexin and Fu, Tianfan and Glass, Lucas M and Zitnik, Marinka and Xiao, Cao and Sun, Jimeng},
    number = {22-23},
    month = {4},
    pages = {5545--5547},
    volume = {36},
    publisher = {Oxford University Press (OUP)},
    doi = {10.1093/bioinformatics/btaa1005},
    issn = {1367-4803},
    pmid = {33275143},
    arxivId = {2004.08919}
}

@article{Gomez2013DiffusionNetworks,
    title = {{Diffusion dynamics on multiplex networks}},
    year = {2013},
    journal = {Physical Review Letters},
    author = {G{\'{o}}mez, S. and D{\'{i}}az-Guilera, A. and G{\'{o}}mez-Garde{\~{n}}es, J. and P{\'{e}}rez-Vicente, C. J. and Moreno, Y. and Arenas, A.},
    number = {2},
    volume = {110},
    doi = {10.1103/PhysRevLett.110.028701},
    issn = {00319007}
}

@article{Cheng2018DincRNA:Function,
    title = {{DincRNA: A comprehensive web-based bioinformatics toolkit for exploring disease associations and ncRNA function}},
    year = {2018},
    journal = {Bioinformatics},
    author = {Cheng, Liang and Hu, Yang and Sun, Jie and Zhou, Meng and Jiang, Qinghua},
    number = {11},
    pages = {1953--1956},
    volume = {34},
    isbn = {1367-4803},
    doi = {10.1093/bioinformatics/bty002},
    issn = {14602059},
    pmid = {29365045}
}

@article{Wang2019Drug-DiseaseNetworks,
    title = {{Drug-Disease Association Prediction Based on Neighborhood Information Aggregation in Neural Networks}},
    year = {2019},
    journal = {IEEE Access},
    author = {Wang, Yingdong and Deng, Gaoshan and Zeng, Nianyin and Song, Xiao and Zhuang, Yuanying},
    pages = {50581--50587},
    volume = {7},
    isbn = {9781538654880},
    doi = {10.1109/ACCESS.2019.2907522},
    issn = {21693536}
}

@article{Ezzat2016Drug-targetFactorization,
    title = {{Drug-target interaction prediction with graph regularized matrix factorization}},
    year = {2016},
    journal = {IEEE/ACM transactions on computational biology and bioinformatics},
    author = {Ezzat, Ali and Zhao, Peilin and Wu, Min and Li, Xiao-Li and Kwoh, Chee-Keong},
    number = {3},
    pages = {646--656},
    volume = {14},
    publisher = {IEEE},
    issn = {1545-5963}
}

@misc{F.pdf,
    title = {{F.pdf}}
}

@misc{FFT7.pdf,
    title = {{FFT7.pdf}}
}

@article{Zheng2017FusingInteractions,
    title = {{Fusing multiple protein-protein similarity networks to effectively predict lncRNA-protein interactions}},
    year = {2017},
    journal = {BMC Bioinformatics},
    author = {Zheng, Xiaoxiong and Wang, Yang and Tian, Kai and Zhou, Jiaogen and Guan, Jihong and Luo, Libo and Zhou, Shuigeng},
    number = {S12},
    month = {10},
    pages = {420},
    volume = {18},
    publisher = {BioMed Central Ltd.},
    url = {http://bmcbioinformatics.biomedcentral.com/articles/10.1186/s12859-017-1819-1},
    doi = {10.1186/s12859-017-1819-1},
    issn = {14712105},
    pmid = {29072138},
    keywords = {LncRNA-Protein Interaction, Random walk, Similarity network fusion}
}

@article{Zheng2017FusingInteractionsb,
    title = {{Fusing multiple protein-protein similarity networks to effectively predict lncRNA-protein interactions}},
    year = {2017},
    journal = {BMC Bioinformatics},
    author = {Zheng, Xiaoxiong and Wang, Yang and Tian, Kai and Zhou, Jiaogen and Guan, Jihong and Luo, Libo and Zhou, Shuigeng},
    number = {S12},
    month = {10},
    pages = {420},
    volume = {18},
    publisher = {BioMed Central Ltd.},
    url = {http://bmcbioinformatics.biomedcentral.com/articles/10.1186/s12859-017-1819-1},
    doi = {10.1186/s12859-017-1819-1},
    issn = {14712105},
    pmid = {29072138},
    keywords = {LncRNA-Protein Interaction, Random walk, Similarity network fusion}
}

@article{Zheng2017FusingInteractionsc,
    title = {{Fusing multiple protein-protein similarity networks to effectively predict lncRNA-protein interactions}},
    year = {2017},
    journal = {BMC Bioinformatics},
    author = {Zheng, Xiaoxiong and Wang, Yang and Tian, Kai and Zhou, Jiaogen and Guan, Jihong and Luo, Libo and Zhou, Shuigeng},
    month = {10},
    volume = {18},
    publisher = {BioMed Central Ltd.},
    doi = {10.1186/s12859-017-1819-1},
    issn = {14712105},
    pmid = {29072138},
    keywords = {LncRNA-Protein Interaction, Random walk, Similarity network fusion}
}

@inproceedings{Han2019GCN-MF:Factorization,
    title = {{GCN-MF: Disease-gene association identification by graph convolutional networks and matrix factorization}},
    year = {2019},
    booktitle = {Proceedings of the ACM SIGKDD International Conference on Knowledge Discovery and Data Mining},
    author = {Han, Peng and Shang, Shuo and Yang, Peng and Liu, Yong and Zhao, Peilin and Zhou, Jiayu and Gao, Xin and Kalnis, Panos},
    month = {7},
    pages = {705--713},
    publisher = {Association for Computing Machinery},
    isbn = {9781450362016},
    doi = {10.1145/3292500.3330912},
    keywords = {Deep learning, Disease-gene association, Graph convolutional networks}
}

@article{Kapur2016GeneCompletion,
    title = {{Gene expression prediction using low-rank matrix completion}},
    year = {2016},
    journal = {BMC Bioinformatics},
    author = {Kapur, Arnav and Marwah, Kshitij and Alterovitz, Gil},
    pages = {1--13},
    publisher = {BMC Bioinformatics},
    doi = {10.1186/s12859-016-1106-6},
    issn = {1471-2105}
}

@article{Mei2011GeneLocalization,
    title = {{Gene ontology based transfer learning for protein subcellular localization}},
    year = {2011},
    journal = {BMC Bioinformatics},
    author = {Mei, Suyu and Fei, Wang and Zhou, Shuigeng},
    volume = {12},
    doi = {10.1186/1471-2105-12-44},
    issn = {14712105}
}

@misc{Statello2021GeneFunctions,
    title = {{Gene regulation by long non-coding RNAs and its biological functions}},
    year = {2021},
    booktitle = {Nature Reviews Molecular Cell Biology},
    author = {Statello, Luisa and Guo, Chun Jie and Chen, Ling Ling and Huarte, Maite},
    number = {2},
    pages = {96--118},
    volume = {22},
    doi = {10.1038/s41580-020-00315-9},
    issn = {14710080},
    pmid = {33353982}
}

@article{Kejani2020GraphLearning,
    title = {{Graph Convolution Networks with manifold regularization for semi-supervised learning}},
    year = {2020},
    journal = {Neural Networks},
    author = {Kejani, M. Tavassoli and Dornaika, F. and Talebi, H.},
    month = {7},
    pages = {160--167},
    volume = {127},
    publisher = {Elsevier Ltd},
    doi = {10.1016/j.neunet.2020.04.016},
    issn = {18792782},
    pmid = {32361546},
    keywords = {Graph Convolution Networks (GCN), Graph-based semisupervised learning, Label prediction, Manifold regularization, Semisupervised image classification}
}

@article{Zheng2012High-throughputTephritidae,
    title = {{High-throughput sequencing to reveal genes involved in reproduction and development in Bactrocera dorsalis (Diptera: Tephritidae)}},
    year = {2012},
    journal = {PLoS ONE},
    author = {Zheng, Weiwei and Peng, Tao and He, Wei and Zhang, Hongyu},
    number = {5},
    volume = {7},
    doi = {10.1371/journal.pone.0036463},
    issn = {19326203}
}

@article{Hu2018HLPI-Ensemble:Strategy,
    title = {{HLPI-Ensemble: Prediction of human lncRNA-protein interactions based on ensemble strategy}},
    year = {2018},
    journal = {RNA Biology},
    author = {Hu, Huan and Zhang, Li and Ai, Haixin and Zhang, Hui and Fan, Yetian and Zhao, Qi and Liu, Hongsheng},
    number = {6},
    volume = {15},
    doi = {10.1080/15476286.2018.1457935},
    issn = {15558584}
}

@article{Shell2007HowStyle,
    title = {{How to Use the IEEEtran B IB TEX Style}},
    year = {2007},
    author = {Shell, Michael},
    pages = {1--10}
}

@article{Shell2015HowClass,
    title = {{How to Use the IEEEtran L TEX Class}},
    year = {2015},
    author = {Shell, Michael},
    number = {8},
    pages = {1--28},
    volume = {14}
}

@misc{Kazimierczyk2020HumanFunction,
    title = {{Human long noncoding RNA interactome: Detection, characterization and function}},
    year = {2020},
    booktitle = {International Journal of Molecular Sciences},
    author = {Kazimierczyk, Marek and Kasprowicz, Marta K. and Kasprzyk, Marta E. and Wrzesinski, Jan},
    number = {3},
    volume = {21},
    doi = {10.3390/ijms21031027},
    issn = {14220067}
}

@article{Kazimierczyk2020HumanFunctionb,
    title = {{Human Long Noncoding RNA Interactome: Detection, Characterization and Function}},
    year = {2020},
    journal = {International Journal of Molecular Sciences},
    author = {{Kazimierczyk} and {Kasprowicz} and {Kasprzyk} and {Wrzesinski}},
    number = {3},
    month = {2},
    pages = {1027},
    volume = {21},
    publisher = {MDPI AG},
    url = {https://www.mdpi.com/1422-0067/21/3/1027},
    doi = {10.3390/ijms21031027},
    issn = {1422-0067},
    keywords = {Detection lncRNA interactome, LncRNA, LncRNA interactome, LncRNA interactome function, Long noncoding RNA}
}

@article{Gautret2020HydroxychloroquineTrial,
    title = {{Hydroxychloroquine and azithromycin as a treatment of COVID-19: results of an open-label non-randomized clinical trial}},
    year = {2020},
    journal = {International Journal of Antimicrobial Agents},
    author = {Gautret, Philippe and Lagier, Jean Christophe and Parola, Philippe and Hoang, Van Thuan and Meddeb, Line and Mailhe, Morgane and Doudier, Barbara and Courjon, Johan and Giordanengo, Valérie and Vieira, Vera Esteves and Tissot Dupont, Hervé and Honor{\'{e}}, Stéphane and Colson, Philippe and Chabri{\`{e}}re, Eric and La Scola, Bernard and Rolain, Jean Marc and Brouqui, Philippe and Raoult, Didier},
    number = {1},
    volume = {56},
    doi = {10.1016/j.ijantimicag.2020.105949},
    issn = {18727913}
}

@article{Yi2020HypergraphNetwork,
    title = {{Hypergraph Convolutional Recurrent Neural Network}},
    year = {2020},
    author = {Yi, Jaehyuk and Park, Jinkyoo},
    pages = {3366--3376},
    isbn = {9781450379984},
    keywords = {acm reference format, graph neural networks, hypergraph, hypergraph, representation learning, graph neural, representation learning, time-series prediction}
}

@article{Jena2020IdentificationInfection,
    title = {{Identification of Potent Drugs and Antiviral Agents for the Treatment of the SARS-CoV-2 Infection}},
    year = {2020},
    author = {Jena, Nihar},
    publisher = {ChemRxiv}
}

@article{Zhou2015IdentificationCancer,
    title = {{Identification of the long non-coding RNA H19 in plasma as a novel biomarker for diagnosis of gastric cancer}},
    year = {2015},
    journal = {Scientific Reports},
    author = {Zhou, Xiaoying and Yin, Chengqiang and Dang, Yini and Ye, Feng and Zhang, Guoxin},
    volume = {5},
    doi = {10.1038/srep11516},
    issn = {20452322}
}

@article{Natarajan2014InductiveAssociations,
    title = {{Inductive matrix completion for predicting gene-disease associations}},
    year = {2014},
    journal = {Bioinformatics},
    author = {Natarajan, Nagarajan and Dhillon, Inderjit S.},
    doi = {10.1093/bioinformatics/btu269},
    issn = {14602059},
    pmid = {24932006}
}

@article{Information2016InstructionsDo,
    title = {{Instructions for Using the Microsoft Word 2010 – 2016 Proceedings Paper Template Working with the Document Template What the Ribbon ’ s Commands Do}},
    year = {2016},
    author = {Information, General}
}

@misc{JCST_Confirmation.pdf,
    title = {{JCST{\_}Confirmation.pdf}}
}

@misc{L.pdf,
    title = {{L.pdf}}
}

@misc{LaTeX_.pdf,
    title = {{LaTeX入门{\_}刘海洋.pdf}}
}

@article{Li2021LncExpDB:RNAs,
    title = {{LncExpDB: An expression database of human long non-coding RNAs}},
    year = {2021},
    journal = {Nucleic Acids Research},
    author = {Li, Zhao and Liu, Lin and Jiang, Shuai and Li, Qianpeng and Feng, Changrui and Du, Qiang and Zou, Dong and Xiao, Jingfa and Zhang, Zhang and Ma, Lina},
    number = {D1},
    volume = {49},
    doi = {10.1093/nar/gkaa850},
    issn = {13624962}
}

@misc{Liz2016LncRNAsDevelopment,
    title = {{lncRNAs and microRNAs with a role in cancer development}},
    year = {2016},
    booktitle = {Biochimica et Biophysica Acta - Gene Regulatory Mechanisms},
    author = {Liz, Julia and Esteller, Manel},
    number = {1},
    volume = {1859},
    doi = {10.1016/j.bbagrm.2015.06.015},
    issn = {18764320}
}

@article{Engreitz2016LocalSplicing,
    title = {{Local regulation of gene expression by lncRNA promoters, transcription and splicing}},
    year = {2016},
    journal = {Nature Publishing Group},
    author = {Engreitz, Jesse M and Haines, Jenna E and Perez, Elizabeth M and Munson, Glen and Chen, Jenny and Kane, Michael and McDonel, Patrick E and Guttman, Mitchell and Lander, Eric S},
    volume = {539},
    doi = {10.1038/nature20149}
}

@article{Chen2017LongModels,
    title = {{Long non-coding RNAs and complex diseases: From experimental results to computational models}},
    year = {2017},
    journal = {Briefings in Bioinformatics},
    author = {Chen, Xing and Yan, Chenggang Clarence and Zhang, Xu and You, Zhu Hong},
    number = {4},
    pages = {558--576},
    volume = {18},
    doi = {10.1093/bib/bbw060},
    issn = {14774054},
    pmid = {27345524},
    keywords = {Biological network, Complex disease, Computational model, LncRNA-disease association prediction, Long non-coding RNA, Machine learning}
}

@misc{Fatica2014LongDevelopment,
    title = {{Long non-coding RNAs: New players in cell differentiation and development}},
    year = {2014},
    booktitle = {Nature Reviews Genetics},
    author = {Fatica, Alessandro and Bozzoni, Irene},
    number = {1},
    volume = {15},
    doi = {10.1038/nrg3606},
    issn = {14710056}
}

@misc{Bhan2017LongParadigm,
    title = {{Long noncoding RNA and cancer: A new paradigm}},
    year = {2017},
    booktitle = {Cancer Research},
    author = {Bhan, Arunoday and Soleimani, Milad and Mandal, Subhrangsu S.},
    number = {15},
    volume = {77},
    doi = {10.1158/0008-5472.CAN-16-2634},
    issn = {15387445}
}

@article{Zhang2020LongBiosynthesis,
    title = {{Long noncoding RNA PAHAL modulates locust behavioural plasticity through the feedback regulation of dopamine biosynthesis}},
    year = {2020},
    journal = {PLoS Genetics},
    author = {Zhang, Xia and Xu, Ya'nan and Chen, Bing and Kang, Le},
    number = {4},
    volume = {16},
    doi = {10.1371/journal.pgen.1008771},
    issn = {15537404}
}

@misc{Batista2013LongDisease,
    title = {{Long noncoding RNAs: Cellular address codes in development and disease}},
    year = {2013},
    booktitle = {Cell},
    author = {Batista, Pedro J. and Chang, Howard Y.},
    number = {6},
    pages = {1298--1307},
    volume = {152},
    doi = {10.1016/j.cell.2013.02.012},
    issn = {10974172},
    pmid = {23498938}
}

@misc{Batista2013LongDiseaseb,
    title = {{Long noncoding RNAs: Cellular address codes in development and disease}},
    year = {2013},
    booktitle = {Cell},
    author = {Batista, Pedro J. and Chang, Howard Y.},
    number = {6},
    month = {3},
    pages = {1298--1307},
    volume = {152},
    publisher = {Elsevier B.V.},
    doi = {10.1016/j.cell.2013.02.012},
    issn = {10974172},
    pmid = {23498938}
}

@article{Zhang2020LPGNMF:Factorization,
    title = {{LPGNMF: Predicting Long Non-Coding RNA and Protein Interaction Using Graph Regularized Nonnegative Matrix Factorization}},
    year = {2020},
    journal = {IEEE/ACM Transactions on Computational Biology and Bioinformatics},
    author = {Zhang, Tianyi and Wang, Minghui and Xi, Jianing and Li, Ao},
    number = {1},
    volume = {17},
    doi = {10.1109/TCBB.2018.2861009},
    issn = {15579964}
}

@article{Zhang2020LPGNMF:Factorizationb,
    title = {{LPGNMF: Predicting Long Non-Coding RNA and Protein Interaction Using Graph Regularized Nonnegative Matrix Factorization}},
    year = {2020},
    journal = {IEEE/ACM Transactions on Computational Biology and Bioinformatics},
    author = {Zhang, Tianyi and Wang, Minghui and Xi, Jianing and Li, Ao},
    number = {1},
    month = {1},
    pages = {189--197},
    volume = {17},
    publisher = {Institute of Electrical and Electronics Engineers Inc.},
    url = {https://ieeexplore.ieee.org/document/8423179/},
    doi = {10.1109/TCBB.2018.2861009},
    issn = {15579964},
    pmid = {30059315},
    keywords = {bioinformatics, lncRNA-protein interaction, matrix factorization, recommendation system}
}

@article{Zhang2020LPGNMF:Factorizationc,
    title = {{LPGNMF: Predicting Long Non-Coding RNA and Protein Interaction Using Graph Regularized Nonnegative Matrix Factorization}},
    year = {2020},
    journal = {IEEE/ACM Transactions on Computational Biology and Bioinformatics},
    author = {Zhang, Tianyi and Wang, Minghui and Xi, Jianing and Li, Ao},
    number = {1},
    month = {1},
    pages = {189--197},
    volume = {17},
    publisher = {Institute of Electrical and Electronics Engineers Inc.},
    doi = {10.1109/TCBB.2018.2861009},
    issn = {15579964},
    pmid = {30059315},
    keywords = {bioinformatics, lncRNA-protein interaction, matrix factorization, recommendation system}
}

@article{Zhang2020LPGNMF:Factorizationd,
    title = {{LPGNMF: Predicting Long Non-Coding RNA and Protein Interaction Using Graph Regularized Nonnegative Matrix Factorization}},
    year = {2020},
    journal = {IEEE/ACM Transactions on Computational Biology and Bioinformatics},
    author = {Zhang, Tianyi and Wang, Minghui and Xi, Jianing and Li, Ao},
    number = {1},
    month = {1},
    pages = {189--197},
    volume = {17},
    publisher = {Institute of Electrical and Electronics Engineers Inc.},
    url = {https://ieeexplore.ieee.org/document/8423179/},
    doi = {10.1109/TCBB.2018.2861009},
    issn = {15579964},
    pmid = {30059315},
    keywords = {bioinformatics, lncRNA-protein interaction, matrix factorization, recommendation system}
}

@article{Zhang2020LPGNMF:Factorizatione,
    title = {{LPGNMF: Predicting Long Non-Coding RNA and Protein Interaction Using Graph Regularized Nonnegative Matrix Factorization}},
    year = {2020},
    journal = {IEEE/ACM Transactions on Computational Biology and Bioinformatics},
    author = {Zhang, Tianyi and Wang, Minghui and Xi, Jianing and Li, Ao},
    number = {1},
    month = {1},
    pages = {189--197},
    volume = {17},
    publisher = {Institute of Electrical and Electronics Engineers Inc.},
    doi = {10.1109/TCBB.2018.2861009},
    issn = {15579964},
    pmid = {30059315},
    keywords = {bioinformatics, lncRNA-protein interaction, matrix factorization, recommendation system}
}

@article{Fan2019LPI-BLS:Classifier,
    title = {{LPI-BLS: Predicting lncRNA–protein interactions with a broad learning system-based stacked ensemble classifier}},
    year = {2019},
    journal = {Neurocomputing},
    author = {Fan, Xiao Nan and Zhang, Shao Wu},
    volume = {370},
    doi = {10.1016/j.neucom.2019.08.084},
    issn = {18728286}
}

@article{Fan2019LPI-BLS:Classifierb,
    title = {{LPI-BLS: Predicting lncRNA–protein interactions with a broad learning system-based stacked ensemble classifier}},
    year = {2019},
    journal = {Neurocomputing},
    author = {Fan, Xiao Nan and Zhang, Shao Wu},
    month = {12},
    pages = {88--93},
    volume = {370},
    publisher = {Elsevier B.V.},
    doi = {10.1016/j.neucom.2019.08.084},
    issn = {18728286},
    keywords = {Broad learning system, LncRNA–protein interaction, Long non-coding RNA, Stacked ensemble}
}

@article{Zhang2020LPI-CNNCP:Trick,
    title = {{LPI-CNNCP: Prediction of lncRNA-protein interactions by using convolutional neural network with the copy-padding trick}},
    year = {2020},
    journal = {Analytical Biochemistry},
    author = {Zhang, Shao Wu and Zhang, Xi Xi and Fan, Xiao Nan and Li, Wei Na},
    month = {7},
    pages = {113767},
    volume = {601},
    publisher = {Academic Press Inc.},
    doi = {10.1016/j.ab.2020.113767},
    issn = {10960309},
    pmid = {32454029},
    keywords = {Convolutional neural network, Copy-padding trick, High-order one-hot encoding, lncRNA-protein interactions}
}

@inproceedings{Wekesa2020LPI-DL:Optimization,
    title = {{LPI-DL: A recurrent deep learning model for plant lncRNA-protein interaction and function prediction with feature optimization}},
    year = {2020},
    booktitle = {Proceedings - 2020 IEEE International Conference on Bioinformatics and Biomedicine, BIBM 2020},
    author = {Wekesa, Jael Sanyanda and Luan, Yushi and Meng, Jun},
    doi = {10.1109/BIBM49941.2020.9313431}
}

@article{Shen2019LPI-KTASLP:Information,
    title = {{LPI-KTASLP: Prediction of LncRNA-Protein Interaction by Semi-Supervised Link Learning With Multivariate Information}},
    year = {2019},
    journal = {IEEE Access},
    author = {Shen, Cong and Ding, Yijie and Tang, Jijun and Jiang, Limin and Guo, Fei},
    volume = {7},
    doi = {10.1109/ACCESS.2019.2894225},
    issn = {21693536}
}

@article{Shen2019LPI-KTASLP:Informationb,
    title = {{LPI-KTASLP: Prediction of LncRNA-Protein Interaction by Semi-Supervised Link Learning With Multivariate Information}},
    year = {2019},
    journal = {IEEE Access},
    author = {Shen, Cong and Ding, Yijie and Tang, Jijun and Jiang, Limin and Guo, Fei},
    pages = {13486--13496},
    volume = {7},
    publisher = {Institute of Electrical and Electronics Engineers Inc.},
    url = {https://ieeexplore.ieee.org/document/8624507/},
    doi = {10.1109/ACCESS.2019.2894225},
    issn = {21693536},
    keywords = {LncRNA-protein interaction, kernel target alignment, low-rank approximation, multiple kernel learning, semi-supervised link prediction}
}

@article{Liu2017LPI-NRLMF:Factorization,
    title = {{LPI-NRLMF: LncRNA-protein interaction prediction by neighborhood regularized logistic matrix factorization}},
    year = {2017},
    journal = {Oncotarget},
    author = {Liu, Hongsheng and Ren, Guofei and Hu, Huan and Zhang, Li and Ai, Haixin and Zhang, Wen and Zhao, Qi},
    number = {61},
    volume = {8},
    doi = {10.18632/oncotarget.21934},
    issn = {19492553}
}

@article{Zhou2020LPI-SKF:Fusions,
    title = {{LPI-SKF: Predicting lncRNA-Protein Interactions Using Similarity Kernel Fusions}},
    year = {2020},
    journal = {Frontiers in Genetics},
    author = {Zhou, Yuan Ke and Hu, Jie and Shen, Zi Ang and Zhang, Wen Ya and Du, Pu Feng},
    volume = {11},
    doi = {10.3389/fgene.2020.615144},
    issn = {16648021}
}

@misc{Zhang2020MechanismsRegulations,
    title = {{Mechanisms of long non-coding RNAs in cancers and their dynamic regulations}},
    year = {2020},
    booktitle = {Cancers},
    author = {Zhang, Xiao Zhen and Liu, Hao and Chen, Su Ren},
    number = {5},
    month = {5},
    volume = {12},
    publisher = {MDPI AG},
    doi = {10.3390/cancers12051245},
    issn = {20726694},
    keywords = {Autophagy, Cancer, LncRNA, Mechanism, Modification, Review, Secondary structure, Turnover}
}

@misc{Zhang2020MechanismsRegulationsb,
    title = {{Mechanisms of long non-coding RNAs in cancers and their dynamic regulations}},
    year = {2020},
    booktitle = {Cancers},
    author = {Zhang, Xiao Zhen and Liu, Hao and Chen, Su Ren},
    number = {5},
    month = {5},
    volume = {12},
    publisher = {MDPI AG},
    doi = {10.3390/cancers12051245},
    issn = {20726694},
    keywords = {Autophagy, Cancer, LncRNA, Mechanism, Modification, Review, Secondary structure, Turnover}
}

@article{Ben-Hamo2013MicroRNA-GeneMechanisms,
    title = {{MicroRNA-Gene Association As a Prognostic Biomarker in Cancer Exposes Disease Mechanisms}},
    year = {2013},
    journal = {PLoS Computational Biology},
    author = {Ben-Hamo, Rotem and Efroni, Sol},
    number = {11},
    month = {11},
    volume = {9},
    doi = {10.1371/journal.pcbi.1003351},
    issn = {1553734X},
    pmid = {24278004}
}

@book{Cowan2009MolecularDevelopment,
    title = {{Molecular and Cellular Approaches to Neural Development}},
    year = {2009},
    booktitle = {Molecular and Cellular Approaches to Neural Development},
    author = {Cowan, W. Maxwell and Jessell, Thomas M. and Zipursky, S. Lawrence},
    doi = {10.1093/acprof:oso/9780195111668.001.0001}
}

@misc{Li2020MolecularCOVID-19,
    title = {{Molecular immune pathogenesis and diagnosis of COVID-19}},
    year = {2020},
    booktitle = {Journal of Pharmaceutical Analysis},
    author = {Li, Xiaowei and Geng, Manman and Peng, Yizhao and Meng, Liesu and Lu, Shemin},
    number = {2},
    month = {4},
    pages = {102--108},
    volume = {10},
    publisher = {Xi'an Jiaotong University},
    doi = {10.1016/j.jpha.2020.03.001},
    issn = {20951779},
    pmid = {32282863},
    keywords = {Coronavirus, MERS-CoV, Pathogenesis, SARS-CoV, SARS-CoV-2}
}

@article{Wekesa2020Multi-featureInteraction,
    title = {{Multi-feature fusion for deep learning to predict plant lncRNA-protein interaction}},
    year = {2020},
    journal = {Genomics},
    author = {Wekesa, Jael Sanyanda and Meng, Jun and Luan, Yushi},
    number = {5},
    volume = {112},
    doi = {10.1016/j.ygeno.2020.05.005},
    issn = {10898646}
}

@article{Wekesa2020Multi-featureInteractionb,
    title = {{Multi-feature fusion for deep learning to predict plant lncRNA-protein interaction}},
    year = {2020},
    journal = {Genomics},
    author = {Wekesa, Jael Sanyanda and Meng, Jun and Luan, Yushi},
    number = {5},
    month = {9},
    pages = {2928--2936},
    volume = {112},
    publisher = {Academic Press Inc.},
    doi = {10.1016/j.ygeno.2020.05.005},
    issn = {10898646},
    pmid = {32437848},
    keywords = {Deep learning, Plants, Prediction, Secondary structure features, lncRNA–protein interaction}
}

@article{Metz2011NavigatingKinome,
    title = {{Navigating the kinome}},
    year = {2011},
    journal = {Nature Chemical Biology},
    author = {Metz, James T and Johnson, Eric F and Soni, Niru B and Merta, Philip J and Kifle, Lemma and Hajduk, Philip J},
    number = {february},
    pages = {7--9},
    volume = {7},
    publisher = {Nature Publishing Group},
    url = {http://dx.doi.org/10.1038/nchembio.530},
    doi = {10.1038/nchembio.530},
    issn = {1552-4450}
}

@article{Zeng2020Network-basedForest,
    title = {{Network-based prediction of drug-target interactions using an arbitrary-order proximity embedded deep forest}},
    year = {2020},
    journal = {Bioinformatics},
    author = {Zeng, Xiangxiang and Zhu, Siyi and Hou, Yuan and Zhang, Pengyue and Li, Lang and Li, Jing and Huang, L. Frank and Lewis, Stephen J. and Nussinov, Ruth and Cheng, Feixiong},
    number = {9},
    pages = {2805--2812},
    volume = {36},
    doi = {10.1093/bioinformatics/btaa010},
    issn = {14602059},
    pmid = {31971579}
}

@misc{Sharan2007Network-basedFunction,
    title = {{Network-based prediction of protein function}},
    year = {2007},
    booktitle = {Molecular Systems Biology},
    author = {Sharan, Roded and Ulitsky, Igor and Shamir, Ron},
    volume = {3},
    doi = {10.1038/msb4100129},
    issn = {17444292}
}

@article{Lee2020NiclosamideAgents,
    title = {{Niclosamide inhibits the cell proliferation and enhances the responsiveness of esophageal cancer cells to chemotherapeutic agents}},
    year = {2020},
    journal = {Oncology Reports},
    author = {Lee, Ming Cheng and Chen, Yin Kai and Hsu, Yih Jen and Lin, Bor Ru},
    number = {2},
    volume = {43},
    doi = {10.3892/or.2019.7449},
    issn = {17912431}
}

@article{Xiang2021NIDM:Prediction,
    title = {{NIDM: network impulsive dynamics on multiplex biological network for disease-gene prediction}},
    year = {2021},
    journal = {Briefings in Bioinformatics},
    author = {Xiang, Ju and Zhang, Jiashuai and Zheng, Ruiqing and Li, Xingyi and Li, Min},
    number = {00},
    month = {4},
    pages = {1--18},
    volume = {2021},
    publisher = {Oxford University Press (OUP)},
    url = {https://academic.oup.com/bib/advance-article/doi/10.1093/bib/bbab080/6236070},
    doi = {10.1093/bib/bbab080},
    issn = {1467-5463},
    keywords = {association prediction, biological networks, complex networks, disease-gene prediction, impulsive dynamics, ranking methods}
}

@misc{Anastasiadou2017Non-codingCancer,
    title = {{Non-coding RNA networks in cancer}},
    year = {2017},
    booktitle = {Nature Reviews Cancer},
    author = {Anastasiadou, Eleni and Jacob, Leni S. and Slack, Frank J.},
    number = {1},
    volume = {18},
    doi = {10.1038/nrc.2017.99},
    issn = {14741768}
}

@misc{Oroojalian2020NovelTrials,
    title = {{Novel insights into the treatment of SARS-CoV-2 infection: An overview of current clinical trials}},
    year = {2020},
    booktitle = {International Journal of Biological Macromolecules},
    author = {Oroojalian, Fatemeh and Haghbin, Ali and Baradaran, Behzad and Hemmat, Nima and Shahbazi, Mohammad Ali and Baghi, Hossein Bannazadeh and Mokhtarzadeh, Ahad and Hamblin, Michael R.},
    month = {12},
    pages = {18--43},
    volume = {165},
    publisher = {Elsevier B.V.},
    doi = {10.1016/j.ijbiomac.2020.09.204},
    issn = {18790003},
    pmid = {32991900},
    keywords = {COVID-19, Global pandemic, Investigational drugs, SARS-CoV-2, Vaccine development, Virus mechanism}
}

@article{Guo2021OptimizedPrediction,
    title = {{Optimized Graph Convolution Recurrent Neural Network for Traffic Prediction}},
    year = {2021},
    journal = {IEEE Transactions on Intelligent Transportation Systems},
    author = {Guo, Kan and Hu, Yongli and Qian, Zhen and Liu, Hao and Zhang, Ke and Sun, Yanfeng and Gao, Junbin and Yin, Baocai},
    number = {2},
    volume = {22},
    doi = {10.1109/TITS.2019.2963722},
    issn = {15580016}
}

@article{Chen2002PerformanceCoefficients,
    title = {{Performance of Similarity Measures in 2D Fragment-Based Similarity Searching:  Comparison of Structural Descriptors and Similarity Coefficients}},
    year = {2002},
    journal = {Journal of Chemical Information and Computer Sciences},
    author = {Chen, Xin and Reynolds, Charles H},
    number = {6},
    month = {11},
    pages = {1407--1414},
    volume = {42},
    publisher = {American Chemical Society},
    doi = {10.1021/ci025531g},
    issn = {0095-2338}
}

@article{Sastre2017PersonalizedEra,
    title = {{Personalized Medicine. Medical opportunities and challenges in the massive sequencing era}},
    year = {2017},
    journal = {Internal Medicine Review},
    author = {Sastre, Leandro and {\'{A}}rias-Salgado, Elena and Sastre, Leandro},
    number = {7},
    volume = {3},
    doi = {10.18103/imr.v3i7.525},
    issn = {24703524}
}

@article{Pindiprolu2020PlausibleCOVID-19,
    title = {{Plausible mechanisms of Niclosamide as an antiviral agent against COVID-19}},
    year = {2020},
    journal = {Medical Hypotheses},
    author = {Pindiprolu, Sai Kiran S.S. and Pindiprolu, Sai Harshini},
    volume = {140},
    doi = {10.1016/j.mehy.2020.109765},
    issn = {15322777}
}

@inproceedings{Zhu2019PredictingNetworks,
    title = {{Predicting gene-disease associations via graph embedding and graph convolutional networks}},
    year = {2019},
    booktitle = {Proceedings - 2019 IEEE International Conference on Bioinformatics and Biomedicine, BIBM 2019},
    author = {Zhu, Lvxing and Hong, Zhaolin and Zheng, Haoran},
    doi = {10.1109/BIBM47256.2019.8983350}
}

@article{Liu2020PredictingRegularized,
    title = {{Predicting lncRNA–miRNA interactions based on logistic matrix factorization with neighborhood regularized}},
    year = {2020},
    journal = {Knowledge-Based Systems},
    author = {Liu, Hongsheng and Ren, Guofei and Chen, Haoyu and Liu, Qi and Yang, Yingjuan and Zhao, Qi},
    month = {3},
    volume = {191},
    publisher = {Elsevier B.V.},
    doi = {10.1016/j.knosys.2019.105261},
    issn = {09507051},
    keywords = {Interaction prediction, LncRNA, Matrix factorization, MiRNA, Neighborhood regularized}
}

@article{Zhou2020PredictingModel,
    title = {{Predicting lncRNA–Protein Interactions With miRNAs as Mediators in a Heterogeneous Network Model}},
    year = {2020},
    journal = {Frontiers in Genetics},
    author = {Zhou, Yuan Ke and Shen, Zi Ang and Yu, Han and Luo, Tao and Gao, Yang and Du, Pu Feng},
    volume = {10},
    doi = {10.3389/fgene.2019.01341},
    issn = {16648021},
    keywords = {heterogeneous network, lncRNA–miRNA interaction, lncRNA–protein interaction, miRNA–protein interaction, network similarity}
}

@article{Zhou2020PredictingModelb,
    title = {{Predicting lncRNA–Protein Interactions With miRNAs as Mediators in a Heterogeneous Network Model}},
    year = {2020},
    journal = {Frontiers in Genetics},
    author = {Zhou, Yuan Ke and Shen, Zi Ang and Yu, Han and Luo, Tao and Gao, Yang and Du, Pu Feng},
    month = {1},
    volume = {10},
    publisher = {Frontiers Media S.A.},
    doi = {10.3389/fgene.2019.01341},
    issn = {16648021},
    keywords = {heterogeneous network, lncRNA–miRNA interaction, lncRNA–protein interaction, miRNA–protein interaction, network similarity}
}

@misc{Bellucci2011PredictingRNAs,
    title = {{Predicting protein associations with long noncoding RNAs}},
    year = {2011},
    booktitle = {Nature Methods},
    author = {Bellucci, Matteo and Agostini, Federico and Masin, Marianela and Tartaglia, Gian Gaetano},
    number = {6},
    month = {6},
    pages = {444--445},
    volume = {8},
    publisher = {Nature Publishing Group},
    url = {http://www.nature.com/naturemethods/.},
    doi = {10.1038/nmeth.1611},
    issn = {15487091},
    pmid = {21623348},
    keywords = {Bioinformatics, Long non, coding RNAs}
}

@article{Zhang2020PredictingApproach,
    title = {{Predicting the interaction biomolecule types for lncRNA: an ensemble deep learning approach}},
    year = {2020},
    journal = {Briefings in Bioinformatics},
    author = {Zhang, Yu and Jia, Cangzhi and Kwoh, Chee Keong},
    doi = {10.1093/bib/bbaa228},
    issn = {1467-5463}
}

@article{Li2020PredictionCompletion,
    title = {{Prediction of circRNA-disease associations based on inductive matrix completion}},
    year = {2020},
    journal = {BMC Medical Genomics},
    author = {Li, Menglu and Liu, Mengya and Bin, Yannan and Xia, Junfeng},
    number = {Suppl 5},
    pages = {1--13},
    volume = {13},
    publisher = {BMC Medical Genomics},
    doi = {10.1186/s12920-020-0679-0},
    issn = {1755-8794}
}

@article{Lu2018PredictionCompletion,
    title = {{Prediction of lncRNA-disease associations based on inductive matrix completion}},
    year = {2018},
    journal = {Bioinformatics},
    author = {Lu, Chengqian and Yang, Mengyun and Luo, Feng and Wu, Fang Xiang and Li, Min and Pan, Yi and Li, Yaohang and Wang, Jianxin},
    number = {19},
    pages = {3357--3364},
    volume = {34},
    doi = {10.1093/bioinformatics/bty327},
    issn = {14602059}
}

@article{Xiao2017PredictionNetworks,
    title = {{Prediction of lncRNA-protein interactions using HeteSim scores based on heterogeneous networks}},
    year = {2017},
    journal = {Scientific Reports},
    author = {Xiao, Yun and Zhang, Jingpu and Deng, Lei},
    number = {1},
    month = {12},
    volume = {7},
    publisher = {Nature Publishing Group},
    doi = {10.1038/s41598-017-03986-1},
    issn = {20452322},
    pmid = {28623317}
}

@article{Xiao2017PredictionNetworksb,
    title = {{Prediction of lncRNA-protein interactions using HeteSim scores based on heterogeneous networks}},
    year = {2017},
    journal = {Scientific Reports},
    author = {Xiao, Yun and Zhang, Jingpu and Deng, Lei},
    number = {1},
    month = {12},
    volume = {7},
    publisher = {Nature Publishing Group},
    doi = {10.1038/s41598-017-03986-1},
    issn = {20452322},
    pmid = {28623317}
}

@article{Xiao2017PredictionNetworksc,
    title = {{Prediction of lncRNA-protein interactions using HeteSim scores based on heterogeneous networks}},
    year = {2017},
    journal = {Scientific Reports},
    author = {Xiao, Yun and Zhang, Jingpu and Deng, Lei},
    number = {1},
    month = {12},
    volume = {7},
    publisher = {Nature Publishing Group},
    doi = {10.1038/s41598-017-03986-1},
    issn = {20452322},
    pmid = {28623317}
}

@article{Lv2021PredictionIntegration,
    title = {{Prediction of lncRNA-Protein Interactions via the Multiple Information Integration}},
    year = {2021},
    journal = {Frontiers in Bioengineering and Biotechnology | www.frontiersin.org},
    author = {Lv, Zhibin and Xiao, Qiu and Zhang, Wei and Zhuo, Linlin and Chen, Yifan and Fu, Xiangzheng and Li, Zejun and Peng, Li},
    pages = {647113},
    volume = {9},
    url = {www.frontiersin.org},
    doi = {10.3389/fbioe.2021.647113},
    keywords = {feature representation, lncRNA protein interactions, mutual information, structure analysis, support vector machine}
}

@article{Lv2021PredictionIntegrationb,
    title = {{Prediction of lncRNA-Protein Interactions via the Multiple Information Integration}},
    year = {2021},
    journal = {Frontiers in Bioengineering and Biotechnology | www.frontiersin.org},
    author = {Lv, Zhibin and Xiao, Qiu and Zhang, Wei and Zhuo, Linlin and Chen, Yifan and Fu, Xiangzheng and Li, Zejun and Peng, Li},
    pages = {647113},
    volume = {9},
    url = {www.frontiersin.org},
    doi = {10.3389/fbioe.2021.647113},
    keywords = {feature representation, lncRNA protein interactions, mutual information, structure analysis, support vector machine}
}

@article{Chen2021PredictionIntegration,
    title = {{Prediction of lncRNA–Protein Interactions via the Multiple Information Integration}},
    year = {2021},
    journal = {Frontiers in Bioengineering and Biotechnology},
    author = {Chen, Yifan and Fu, Xiangzheng and Li, Zejun and Peng, Li and Zhuo, Linlin},
    month = {2},
    volume = {9},
    publisher = {Frontiers Media S.A.},
    doi = {10.3389/fbioe.2021.647113},
    issn = {22964185},
    keywords = {feature representation, lncRNA protein interactions, mutual information, structure analysis, support vector machine}
}

@misc{Peng2020ProbingAlgorithms,
    title = {{Probing lncRNA–Protein Interactions: Data Repositories, Models, and Algorithms}},
    year = {2020},
    booktitle = {Frontiers in Genetics},
    author = {Peng, Lihong and Liu, Fuxing and Yang, Jialiang and Liu, Xiaojun and Meng, Yajie and Deng, Xiaojun and Peng, Cheng and Tian, Geng and Zhou, Liqian},
    month = {1},
    volume = {10},
    publisher = {Frontiers Media S.A.},
    doi = {10.3389/fgene.2019.01346},
    issn = {16648021},
    keywords = {computational method, data repositories, lncRNA–protein interaction, machine learning-based method, network-based method}
}

@misc{Peng2020ProbingAlgorithmsb,
    title = {{Probing lncRNA–Protein Interactions: Data Repositories, Models, and Algorithms}},
    year = {2020},
    booktitle = {Frontiers in Genetics},
    author = {Peng, Lihong and Liu, Fuxing and Yang, Jialiang and Liu, Xiaojun and Meng, Yajie and Deng, Xiaojun and Peng, Cheng and Tian, Geng and Zhou, Liqian},
    month = {1},
    volume = {10},
    publisher = {Frontiers Media S.A.},
    doi = {10.3389/fgene.2019.01346},
    issn = {16648021},
    keywords = {computational method, data repositories, lncRNA–protein interaction, machine learning-based method, network-based method}
}

@article{Ma2019Projection-BasedPrediction,
    title = {{Projection-Based Neighborhood Non-Negative Matrix Factorization for lncRNA-Protein Interaction Prediction}},
    year = {2019},
    journal = {Frontiers in Genetics},
    author = {Ma, Yingjun and He, Tingting and Jiang, Xingpeng},
    volume = {10},
    doi = {10.3389/fgene.2019.01148},
    issn = {16648021}
}

@article{2016QuickStart,
    title = {{Quick Start}},
    year = {2016},
    pages = {2016}
}

@misc{developers2018RadialKernel,
    title = {{Radial basis function kernel}},
    year = {2018},
    booktitle = {scikit-learn 0.20.2 documentation},
    author = {developers, Scikit-learn},
    url = {https://scikit-learn.org/stable/modules/generated/sklearn.gaussian_process.kernels.RBF.html}
}

@misc{Rolain2007RecyclingCentury,
    title = {{Recycling of chloroquine and its hydroxyl analogue to face bacterial, fungal and viral infections in the 21st century}},
    year = {2007},
    booktitle = {International Journal of Antimicrobial Agents},
    author = {Rolain, Jean Marc and Colson, Philippe and Raoult, Didier},
    doi = {10.1016/j.ijantimicag.2007.05.015},
    issn = {09248579},
    pmid = {17629679}
}

@article{Ferre2016RevealingInteraction,
    title = {{Revealing protein-lncRNA interaction}},
    year = {2016},
    journal = {Briefings in Bioinformatics},
    author = {Ferr{\`{e}}, Fabrizio and Colantoni, Alessio and Helmer-Citterich, Manuela},
    number = {1},
    volume = {17},
    doi = {10.1093/bib/bbv031},
    issn = {14774054}
}

@article{Ferre2016RevealingInteractionb,
    title = {{Revealing protein–lncRNA interaction}},
    year = {2016},
    journal = {Briefings in Bioinformatics},
    author = {Ferr{\`{e}}, Fabrizio and Colantoni, Alessio and Helmer-Citterich, Manuela},
    number = {1},
    month = {1},
    pages = {106--116},
    volume = {17},
    publisher = {Oxford University Press},
    url = {https://academic.oup.com/bib/article-lookup/doi/10.1093/bib/bbv031},
    doi = {10.1093/bib/bbv031},
    issn = {1467-5463},
    keywords = {Co-immunoprecipitation, High-throughput sequencing, Long non-coding RNAs, Protein-RNA interactions}
}

@article{Sondheimer2000Rnq1:Yeast,
    title = {{Rnq1: An epigenetic modifier of protein function in yeast}},
    year = {2000},
    journal = {Molecular Cell},
    author = {Sondheimer, Neal and Lindquist, Susan},
    number = {1},
    pages = {163--172},
    volume = {5},
    publisher = {Cell Press},
    doi = {10.1016/s1097-2765(00)80412-8},
    issn = {10972765},
    pmid = {10678178}
}

@misc{DeWit2016SARSCoronaviruses,
    title = {{SARS and MERS: Recent insights into emerging coronaviruses}},
    year = {2016},
    booktitle = {Nature Reviews Microbiology},
    author = {De Wit, Emmie and Van Doremalen, Neeltje and Falzarano, Darryl and Munster, Vincent J.},
    number = {8},
    month = {8},
    pages = {523--534},
    volume = {14},
    publisher = {Nature Publishing Group},
    doi = {10.1038/nrmicro.2016.81},
    issn = {17401534},
    pmid = {27344959}
}

@article{ChenSemi-supervisedInference,
    title = {{Semi-supervised learning for potential human microRNA-disease associations inference}},
    author = {Chen, Xing and Yan, Gui-Ying},
    url = {www.nature.com/scientificreports},
    doi = {10.1038/srep05501}
}

@article{Luo2018Semi-supervisedNetworks,
    title = {{Semi-supervised prediction of human miRNA-disease association based on graph regularization framework in heterogeneous networks}},
    year = {2018},
    journal = {Neurocomputing},
    author = {Luo, Jiawei and Ding, Pingjian and Liang, Cheng and Chen, Xiangtao},
    pages = {29--38},
    volume = {294},
    doi = {10.1016/j.neucom.2018.03.003},
    issn = {18728286},
    keywords = {Graph regularization framework, Heterogeneous network, Semi-supervised prediction, Transductive learning, miRNA-disease associations}
}

@article{Zhang2018SFPEL-LPI:Interactions,
    title = {{SFPEL-LPI: Sequence-based feature projection ensemble learning for predicting LncRNA-protein interactions}},
    year = {2018},
    journal = {PLoS Computational Biology},
    author = {Zhang, Wen and Yue, Xiang and Tang, Guifeng and Wu, Wenjian and Huang, Feng and Zhang, Xining},
    number = {12},
    volume = {14},
    doi = {10.1371/journal.pcbi.1006616},
    issn = {15537358},
    pmid = {30533006}
}

@misc{Skyline.pdf,
    title = {{skyline.pdf}}
}

@article{Meng2020SmallTumorigenesis,
    title = {{Small Protein Hidden in lncRNA LOC90024 Promotes “Cancerous” RNA Splicing and Tumorigenesis}},
    year = {2020},
    journal = {Advanced Science},
    author = {Meng, Nan and Chen, Min and Chen, De and Chen, Xin Hui and Wang, Ji Zhong and Zhu, Song and He, Yu Tian and Zhang, Xiao Lan and Lu, Rui Xun and Yan, Guang Rong},
    number = {10},
    volume = {7},
    doi = {10.1002/advs.201903233},
    issn = {21983844}
}

@article{2018Supplementary,
    title = {{Supplementary Materials for “ Ensembling graph attention networks for human microbe-drug association prediction ”}},
    year = {2018},
    pages = {0--6}
}

@article{MethodsSupplementary,
    title = {{Supplementary Materials for “ Predicting Human Microbe-Disease Associations via Graph Attention Networks with Inductive Matrix Completion ”}},
    author = {Methods, C V and Katzhmda, A U C and Birwhmda, Ntshmda and Brwmda, Ngrhmda and Grnmfhmda, Wmghmda},
    pages = {0--1}
}

@misc{Prensner2011TheBiology,
    title = {{The emergence of lncRNAs in cancer biology}},
    year = {2011},
    booktitle = {Cancer Discovery},
    author = {Prensner, John R. and Chinnaiyan, Arul M.},
    number = {5},
    volume = {1},
    doi = {10.1158/2159-8290.CD-11-0209},
    issn = {21598274}
}

@misc{Marchese2017TheFunction,
    title = {{The multidimensional mechanisms of long noncoding RNA function}},
    year = {2017},
    booktitle = {Genome Biology},
    author = {Marchese, Francesco P. and Raimondi, Ivan and Huarte, Maite},
    number = {1},
    month = {10},
    volume = {18},
    publisher = {BioMed Central Ltd.},
    url = {/pmc/articles/PMC5663108/ /pmc/articles/PMC5663108/?report=abstract https://www.ncbi.nlm.nih.gov/pmc/articles/PMC5663108/},
    doi = {10.1186/s13059-017-1348-2},
    issn = {1474760X},
    pmid = {29084573}
}

@misc{Train_time.pdf,
    title = {{train{\_}time.pdf}}
}

@article{UnpublishedArxiv:2007.10848,
    title = {{Unpublished preprint arxiv:2007.10848}},
    journal = {arXiv pre-print server},
    url = {arxiv:2007.10848 https://arxiv.org/abs/2007.10848}
}

@article{Hajiramezanali2019VariationalNetworks,
    title = {{Variational Graph Recurrent Neural Networks}},
    year = {2019},
    author = {Hajiramezanali, Ehsan and Hasanzadeh, Arman and Duffield, Nick and Narayanan, Krishna},
    number = {NeurIPS}
}

@article{Hajiramezanali2019VariationalRepresentations,
    title = {{Variational Graph Recurrent Neural Networks We truly appreciate helpful comments from all three reviewers . Our main modeling and methodological contributions {\O} To learns more interpretable Results is proposed to achieve more interpretable representations}},
    year = {2019},
    author = {Hajiramezanali, Ehsan and Hasanzadeh, Arman and Duffield, Nick and Narayanan, Krishna and Zhou, Mingyuan and Qian, Xiaoning and Si-, While},
    pages = {2019}
}

@article{2020WenYang,
    title = {{Wen Li, ShuLin Wang, Junlin Xu, and Jialiang Yang}},
    year = {2020},
    pages = {1--3}
}

@misc{,
    title = {{吴恩达教你如何读论文：绘制进度表格，论文至少看三遍，还要问自己问题}},
    url = {https://mp.weixin.qq.com/s/WS079LD8EfEbC-RBy2JHYg}
}

@misc{b,
    title = {{图卷积神经网络综述 - 中国知网}},
    url = {https://kns.cnki.net/kcms/detail/11.1826.tp.20191104.1632.006.html}
}

@misc{.pdf,
    title = {{实审通知书.pdf}}
}